Details,Posting Date,Description,Amount,Type,Balance,Check or Slip #
DEBIT,10/11/2024,"BYUI FOOD SVCS REXBURG ID                    10/10",-6.35,DEBIT_CARD,9596.08,,
DEBIT,10/11/2024,"McDonalds 5138 120-8356006 ID                10/10",-8.89,DEBIT_CARD,9602.43,,
CREDIT,10/11/2024,"Online Transfer from  CHK ...2685 transaction#: 22271190452",50.00,ACCT_XFER,9611.32,,
DEBIT,10/07/2024,"Payment to Chase card ending in 9498 10/07",-162.65,LOAN_PMT,9561.32,,
DEBIT,10/04/2024,"Payment to Chase card ending in 9498 10/04",-72.29,LOAN_PMT,9723.97,,
DEBIT,10/04/2024,"VENMO            PAYMENT    1037327537695   WEB ID: 3264681992",-44.00,ACH_DEBIT,9796.26,,
CREDIT,10/04/2024,"Online Transfer from  CHK ...2685 transaction#: 22185624585",50.00,ACCT_XFER,9840.26,,
DEBIT,09/30/2024,"Amazon.com*FW0L91WN3 Amzn.com/bill WA        09/29",-3.01,DEBIT_CARD,9790.26,,
DEBIT,09/30/2024,"McDonalds 6435 130-7733744 WY                09/28",-5.30,DEBIT_CARD,9793.27,,
DEBIT,09/30/2024,"McDonalds 5138 120-8356006 ID                09/27",-9.74,DEBIT_CARD,9798.57,,
DSLIP,09/30/2024,"Cash Redemption",220.37,DEPOSIT,9808.31,,
DEBIT,09/27/2024,"WAL-MART #1878 REXBURG ID                    09/27",-57.95,DEBIT_CARD,9587.94,,
CREDIT,09/27/2024,"Online Transfer from  CHK ...2685 transaction#: 22114418596",50.00,ACCT_XFER,9645.89,,
DEBIT,09/26/2024,"TACO BELL 029852 REXBURG ID                  09/25",-2.54,DEBIT_CARD,9595.89,,
DEBIT,09/25/2024,"Payment to Chase card ending in 9498 09/25",-103.97,LOAN_PMT,9598.43,,
DEBIT,09/23/2024,"WAL-MART SUPER CENTER REXBURG ID             09/23",-62.39,DEBIT_CARD,9702.40,,
DEBIT,09/20/2024,"Payment to Chase card ending in 9498 09/20",-129.33,LOAN_PMT,9764.79,,
DEBIT,09/20/2024,"CASHNET SMARTPAY BYUI       763809633       WEB ID: 9061578063",-1800.00,ACH_DEBIT,9894.12,,
CREDIT,09/20/2024,"Online Transfer from  CHK ...2685 transaction#: 22040700179",50.00,ACCT_XFER,11694.12,,
CREDIT,09/20/2024,"Online Transfer from SAV ...9019 transaction#: 22118539471",1800.00,ACCT_XFER,11644.12,,
DEBIT,09/17/2024,"VENMO            PAYMENT    1036981464948   WEB ID: 3264681992",-5.28,ACH_DEBIT,9844.12,,
DEBIT,09/16/2024,"VENMO            PAYMENT    1036942265821   WEB ID: 3264681992",-5.00,ACH_DEBIT,9849.40,,
DEBIT,09/16/2024,"WINCO FOODS #42 333 NO IDAHO FALLS ID322237  09/14",-7.27,DEBIT_CARD,9854.40,,
DEBIT,09/13/2024,"WAL-MART SUPER CENTER IDAHO FALLS ID         09/13",-74.29,DEBIT_CARD,9861.67,,
DEBIT,09/13/2024,"COSTCO GAS #0484 OREM UT             321072  09/13",-38.47,DEBIT_CARD,9935.96,,
CREDIT,09/13/2024,"Online Transfer from  CHK ...2685 transaction#: 21969476080",50.00,ACCT_XFER,9974.43,,
DEBIT,09/12/2024,"WM SUPERC WAL-MART SUP WASHINGTON UT         09/12",-5.85,DEBIT_CARD,9924.43,,
DEBIT,09/12/2024,"COSTCO GAS #0672 ST GEORGE UT        158750  09/12",-38.62,DEBIT_CARD,9930.28,,
DEBIT,09/11/2024,"CASHNET SMARTPAY BYUI       763809633       WEB ID: 9061578063",-60.00,ACH_DEBIT,9968.90,,
CREDIT,09/11/2024,"Online Transfer from CHK ...2685 transaction#: 22026701020",150.00,ACCT_XFER,10028.90,,
DEBIT,09/10/2024,"COSTCO WHSE #1317 EASTVALE CA        406642  09/10",-53.98,DEBIT_CARD,9878.90,,
DEBIT,09/10/2024,"COSTCO GAS #1317 EASTVALE CA         801069  09/10",-31.21,DEBIT_CARD,9932.88,,
CREDIT,09/10/2024,"Online Transfer from CHK ...2685 transaction#: 22014555481",100.00,ACCT_XFER,9964.09,,
DEBIT,09/09/2024,"RC Rent (208) 26 RC Rent (2 ST-E1Y5K2A1C1Z3 CCD ID: 1800948598",-1382.95,MISC_DEBIT,9864.09,,
DEBIT,09/09/2024,"Payment to Chase card ending in 9498 09/09",-197.75,LOAN_PMT,11247.04,,
CREDIT,09/09/2024,"Online Transfer from SAV ...9019 transaction#: 21996628062",1330.00,ACCT_XFER,11444.79,,
CREDIT,09/06/2024,"Online Transfer from  CHK ...2685 transaction#: 21888398280",50.00,ACCT_XFER,10114.79,,
DEBIT,09/04/2024,"ALLTRAILS* TRIAL ALL HTTPSWWW.ALLT CA        09/04",-35.99,DEBIT_CARD,10064.79,,
CREDIT,08/30/2024,"Online Transfer from  CHK ...2685 transaction#: 21816465821",50.00,ACCT_XFER,10100.78,,
DEBIT,08/26/2024,"Payment to Chase card ending in 9498 08/26",-98.81,LOAN_PMT,10050.78,,
CREDIT,08/26/2024,"PAYPAL           TRANSFER                   PPD ID: PAYPALSD11",2.05,ACH_CREDIT,10149.59,,
CREDIT,08/23/2024,"Online Transfer from  CHK ...2685 transaction#: 21745375322",50.00,ACCT_XFER,10147.54,,
CREDIT,08/19/2024,"VENMO            CASHOUT                    PPD ID: 5264681992",80.00,ACH_CREDIT,10097.54,,
DSLIP,08/19/2024,"REMOTE ONLINE DEPOSIT #          1",150.00,CHECK_DEPOSIT,10017.54,1,
CREDIT,08/16/2024,"Online Transfer from  CHK ...2685 transaction#: 21673181783",50.00,ACCT_XFER,9867.54,,
DEBIT,08/15/2024,"COSTCO GAS #0486 KENNEWICK WA        754636  08/15",-55.68,DEBIT_CARD,9817.54,,
DEBIT,08/15/2024,"STICKK.COM 347-394-4963 NY                   08/14",-5.00,DEBIT_CARD,9873.22,,
CREDIT,08/15/2024,"Online Transfer from CHK ...2685 transaction#: 21734822777",50.00,ACCT_XFER,9878.22,,
DEBIT,08/14/2024,"McDonalds 5223 150-9735119 WA                08/12",-13.03,DEBIT_CARD,9828.22,,
CREDIT,08/14/2024,"PAYPAL           TRANSFER                   PPD ID: PAYPALSD11",2.17,ACH_CREDIT,9841.25,,
DEBIT,08/13/2024,"Payment to Chase card ending in 9498 08/13",-96.25,LOAN_PMT,9839.08,,
DEBIT,08/09/2024,"Ch JesusChrist   DONATION   129992948       WEB ID: 2870834341",-35.00,ACH_DEBIT,9935.33,,
CREDIT,08/09/2024,"Online Transfer from  CHK ...2685 transaction#: 21599318027",50.00,ACCT_XFER,9970.33,,
DEBIT,08/08/2024,"McDonalds 33162 150-9628941 WA               08/06",-10.42,DEBIT_CARD,9920.33,,
DEBIT,08/07/2024,"Payment to Chase card ending in 9498 08/07",-195.34,LOAN_PMT,9930.75,,
DEBIT,08/07/2024,"COSTCO WHSE #0486 KENNEWICK WA       445985  08/07",-35.86,DEBIT_CARD,10126.09,,
DEBIT,08/07/2024,"COSTCO WHSE #0486 KENNEWICK WA       498167  08/07",-5.42,DEBIT_CARD,10161.95,,
DEBIT,08/05/2024,"VENMO            PAYMENT    1036075496208   WEB ID: 3264681992",-10.00,ACH_DEBIT,10167.37,,
DEBIT,08/05/2024,"VENMO            PAYMENT    1036071727043   WEB ID: 3264681992",-50.00,ACH_DEBIT,10177.37,,
DEBIT,08/05/2024,"STICKK.COM 347-394-4963 NY                   08/04",-5.00,DEBIT_CARD,10227.37,,
DEBIT,08/05/2024,"STICKK.COM 347-394-4963 NY                   08/03",-5.00,DEBIT_CARD,10232.37,,
CREDIT,08/02/2024,"Online Transfer from  CHK ...2685 transaction#: 21520299359",50.00,ACCT_XFER,10237.37,,
CREDIT,08/02/2024,"BRIGHAM YOUNG UN PAYROLL                    PPD ID: 3820207699",344.57,ACH_CREDIT,10187.37,,
DEBIT,08/01/2024,"GOOGLE *ADS233055040 cc@google.com CA        08/01",-27.04,DEBIT_CARD,9842.80,,
DEBIT,08/01/2024,"Manual DB-Bkrg 08/01",-12.50,ACCT_XFER,9869.84,,
DEBIT,08/01/2024,"Manual DB-Bkrg 08/01",-37.50,ACCT_XFER,9882.34,,
DEBIT,07/31/2024,"PHONE FUNDS TRANSFER WITHDRAWAL 07/31",-5000.00,ACCT_XFER,9919.84,,
DEBIT,07/30/2024,"VENMO            PAYMENT    1035943846386   WEB ID: 3264681992",-43.00,ACH_DEBIT,14919.84,,
DEBIT,07/29/2024,"VENMO            PAYMENT    1035905619932   WEB ID: 3264681992",-37.00,ACH_DEBIT,14962.84,,
DEBIT,07/29/2024,"McDonalds 5223 150-9735119 WA                07/25",-5.44,DEBIT_CARD,14999.84,,
DEBIT,07/26/2024,"MAVERIK #448 RICHLAND WA                     07/25",-1.62,DEBIT_CARD,15005.28,,
DEBIT,07/26/2024,"STICKK.COM 347-394-4963 NY                   07/25",-5.00,DEBIT_CARD,15006.90,,
CREDIT,07/26/2024,"Online Transfer from  CHK ...2685 transaction#: 21452471487",50.00,ACCT_XFER,15011.90,,
DEBIT,07/25/2024,"APPLE.COM/BILL 866-712-7753 CA               07/25",-88.99,DEBIT_CARD,14961.90,,
DEBIT,07/25/2024,"MAVERIK #559 SPOKANE VALLE WA                07/23",-3.26,DEBIT_CARD,15050.89,,
DEBIT,07/25/2024,"MAVERIK #559 SPOKANE VALLE WA                07/23",-28.62,DEBIT_CARD,15054.15,,
DEBIT,07/25/2024,"CHICK-FIL-A #04795 MISSOULA MT               07/23",-10.29,DEBIT_CARD,15082.77,,
DEBIT,07/24/2024,"MCDONALD'S F36056 REXBURG ID                 07/23",-6.24,DEBIT_CARD,15093.06,,
DEBIT,07/24/2024,"STICKK.COM 347-394-4963 NY                   07/23",-5.00,DEBIT_CARD,15099.30,,
DEBIT,07/23/2024,"NOON'S 457 MISSOULA MT               073159  07/23",-49.49,DEBIT_CARD,15104.30,,
DEBIT,07/23/2024,"GOOD 2 GO 105 REXBURG ID             735620  07/23",-7.78,DEBIT_CARD,15153.79,,
DEBIT,07/23/2024,"PANDA EXPRESS 2734 REXBURG ID                07/22",-11.98,DEBIT_CARD,15161.57,,
DEBIT,07/23/2024,"BYUI FOOD SVCS REXBURG ID                    07/22",-3.58,DEBIT_CARD,15173.55,,
DEBIT,07/22/2024,"WAL-MART SUPER CENTER REXBURG ID             07/22",-10.58,DEBIT_CARD,15177.13,,
DEBIT,07/22/2024,"STICKK.COM 347-394-4963 NY                   07/21",-5.00,DEBIT_CARD,15187.71,,
DEBIT,07/22/2024,"WAL-MART  WAL-MART SUP REXBURG ID            07/20",-37.02,DEBIT_CARD,15192.71,,
DEBIT,07/22/2024,"MO BETTAHS - REXBURG REXBURG ID              07/20",-14.83,DEBIT_CARD,15229.73,,
DEBIT,07/22/2024,"WAL-MART #1878 REXBURG ID                    07/20",-3.12,DEBIT_CARD,15244.56,,
DEBIT,07/22/2024,"WAL-MART  WAL-MART SUP REXBURG ID            07/20",-48.89,DEBIT_CARD,15247.68,,
DEBIT,07/22/2024,"WAL-MART SUPER CENTER REXBURG ID             07/20",-10.58,DEBIT_CARD,15296.57,,
DEBIT,07/22/2024,"McDonalds 5138 120-8356006 ID                07/20",-2.12,DEBIT_CARD,15307.15,,
DEBIT,07/22/2024,"STICKK.COM 347-394-4963 NY                   07/20",-5.00,DEBIT_CARD,15309.27,,
DEBIT,07/22/2024,"McDonalds 5138 120-8356006 ID                07/20",-5.30,DEBIT_CARD,15314.27,,
CREDIT,07/22/2024,"VENMO            CASHOUT                    PPD ID: 5264681992",12.00,ACH_CREDIT,15319.57,,
CREDIT,07/22/2024,"Online Transfer from CHK ...2685 transaction#: 21484476177",150.00,ACCT_XFER,15307.57,,
DEBIT,07/19/2024,"TACO BELL 029852 REXBURG ID                  07/18",-6.35,DEBIT_CARD,15157.57,,
DEBIT,07/19/2024,"McDonalds 36056 120-8356614 ID               07/18",-5.30,DEBIT_CARD,15163.92,,
CREDIT,07/19/2024,"Online Transfer from  CHK ...2685 transaction#: 21381155301",50.00,ACCT_XFER,15169.22,,
CREDIT,07/19/2024,"BRIGHAM YOUNG UN PAYROLL                    PPD ID: 3820207699",422.30,ACH_CREDIT,15119.22,,
DEBIT,07/18/2024,"BYUI FOOD SVCS REXBURG ID                    07/17",-3.58,DEBIT_CARD,14696.92,,
DEBIT,07/17/2024,"GREAT SCOTT 1 REXBURG ID             886108  07/16",-2.96,DEBIT_CARD,14700.50,,
DEBIT,07/17/2024,"STICKK.COM 347-394-4963 NY                   07/16",-5.00,DEBIT_CARD,14703.46,,
DEBIT,07/17/2024,"McDonalds 5138 120-8356006 ID                07/16",-11.85,DEBIT_CARD,14708.46,,
DEBIT,07/16/2024,"VENMO            PAYMENT    1035677631958   WEB ID: 3264681992",-1.00,ACH_DEBIT,14720.31,,
DEBIT,07/16/2024,"BYUI FOOD SVCS REXBURG ID                    07/15",-3.58,DEBIT_CARD,14721.31,,
CREDIT,07/16/2024,"VENMO            CASHOUT                    PPD ID: 5264681992",12.00,ACH_CREDIT,14724.89,,
DEBIT,07/15/2024,"PAYPAL           INST XFER  HELPCOURSER TXI WEB ID: PAYPALSI77",-49.00,ACH_DEBIT,14712.89,,
DEBIT,07/15/2024,"STICKK.COM 347-394-4963 NY                   07/14",-5.00,DEBIT_CARD,14761.89,,
DEBIT,07/15/2024,"WAL-MART  WAL-MART SUP REXBURG ID            07/13",-65.48,DEBIT_CARD,14766.89,,
DEBIT,07/15/2024,"SQ *THE GREAT BAMBINO Rigby ID               07/13",-11.55,DEBIT_CARD,14832.37,,
DEBIT,07/15/2024,"TEXAS ROADHOUSE #2066 AMMON ID               07/12",-39.40,DEBIT_CARD,14843.92,,
DEBIT,07/15/2024,"JEFFERSON COUNTY IDAHO RIGBY ID              07/13",-7.00,DEBIT_CARD,14883.32,,
DEBIT,07/15/2024,"BROULIM'S #6 REXBURG ID                      07/12",-21.18,DEBIT_CARD,14890.32,,
DEBIT,07/15/2024,"STONES TOWN AND COUNTRY REXBURG ID           07/11",-98.08,DEBIT_CARD,14911.50,,
DEBIT,07/12/2024,"BROULIM'S #1 RIGBY ID                306358  07/12",-2.83,DEBIT_CARD,15009.58,,
DEBIT,07/12/2024,"WALGREENS STORE 164 E REXBURG ID     316111  07/12",-13.24,DEBIT_CARD,15012.41,,
DEBIT,07/12/2024,"BYUI FOOD SVCS REXBURG ID                    07/11",-12.71,DEBIT_CARD,15025.65,,
DEBIT,07/12/2024,"McDonalds 36056 120-8356614 ID               07/11",-2.12,DEBIT_CARD,15038.36,,
CREDIT,07/12/2024,"Online Transfer from  CHK ...2685 transaction#: 21312853026",50.00,ACCT_XFER,15040.48,,
DEBIT,07/11/2024,"BYUI FOOD SVCS REXBURG ID                    07/10",-4.97,DEBIT_CARD,14990.48,,
DEBIT,07/11/2024,"McDonalds 5138 120-8356006 ID                07/10",-5.30,DEBIT_CARD,14995.45,,
CREDIT,07/11/2024,"Online Transfer from CHK ...2685 transaction#: 21372781455",100.00,ACCT_XFER,15000.75,,
DEBIT,07/10/2024,"Ch JesusChrist   DONATION   128610610       WEB ID: 2870834341",-2.00,ACH_DEBIT,14900.75,,
DEBIT,07/10/2024,"McDonalds 5138 120-8356006 ID                07/09",-7.79,DEBIT_CARD,14902.75,,
DEBIT,07/09/2024,"BYUI FOOD SVCS REXBURG ID                    07/08",-3.58,DEBIT_CARD,14910.54,,
DEBIT,07/08/2024,"WAL-MART SUPER CENTER REXBURG ID             07/08",-1.89,DEBIT_CARD,14914.12,,
DEBIT,07/08/2024,"McDonalds 5138 120-8356006 ID                07/07",-8.09,DEBIT_CARD,14916.01,,
DEBIT,07/08/2024,"WM SUPERC WAL-MART SUP IDAHO FALLS ID        07/06",-46.25,DEBIT_CARD,14924.10,,
DEBIT,07/08/2024,"WM SUPERC WAL-MART SUP IDAHO FALLS ID        07/06",-2.10,DEBIT_CARD,14970.35,,
DEBIT,07/08/2024,"Ch JesusChrist   DONATION   128393796       WEB ID: 2870834341",-46.00,ACH_DEBIT,14972.45,,
DEBIT,07/08/2024,"TAGGNGO 143-56282256 UT                      07/06",-12.00,DEBIT_CARD,15018.45,,
DEBIT,07/08/2024,"REXBURG TEMPLE REXBURG ID                    07/05",-1.00,DEBIT_CARD,15030.45,,
DEBIT,07/08/2024,"McDonalds 36056 120-8356614 ID               07/05",-7.79,DEBIT_CARD,15031.45,,
DEBIT,07/05/2024,"MAVERIK #385 IDAHO FALLS ID                  07/04",-3.17,DEBIT_CARD,15039.24,,
DEBIT,07/05/2024,"McDonalds 5138 120-8356006 ID                07/04",-9.57,DEBIT_CARD,15042.41,,
DEBIT,07/05/2024,"BYUI FOOD SVCS REXBURG ID                    07/03",-3.58,DEBIT_CARD,15051.98,,
CREDIT,07/05/2024,"Online Transfer from  CHK ...2685 transaction#: 21231959602",50.00,ACCT_XFER,15055.56,,
CREDIT,07/05/2024,"BRIGHAM YOUNG UN PAYROLL                    PPD ID: 3820207699",456.60,ACH_CREDIT,15005.56,,
DEBIT,07/02/2024,"BYUI FOOD SVCS REXBURG ID                    07/01",-3.58,DEBIT_CARD,14548.96,,
DEBIT,07/01/2024,"GOOGLE *ADS233055040 cc@google.com CA        07/01",-2.14,DEBIT_CARD,14552.54,,
DEBIT,07/01/2024,"Manual DB-Bkrg 07/01",-50.00,ACCT_XFER,14554.68,,
DEBIT,07/01/2024,"Manual DB-Bkrg 07/01",-12.50,ACCT_XFER,14604.68,,
DEBIT,07/01/2024,"Manual DB-Bkrg 07/01",-37.50,ACCT_XFER,14617.18,,
DEBIT,07/01/2024,"GOOGLE *ADS233055040 cc@google.com CA        07/01",-10.00,DEBIT_CARD,14654.68,,
DEBIT,07/01/2024,"WAL-MART SUPER CENTER REXBURG ID             06/29",-50.12,DEBIT_CARD,14664.68,,
DEBIT,07/01/2024,"COSTCO GAS #1379 IDAHO FALLS ID      468106  06/29",-43.84,DEBIT_CARD,14714.80,,
DEBIT,07/01/2024,"COSTCO WHSE #1379 IDAHO FALLS ID     460271  06/29",-1.59,DEBIT_CARD,14758.64,,
DEBIT,07/01/2024,"COSTCO WHSE #1379 IDAHO FALLS ID     256656  06/29",-69.46,DEBIT_CARD,14760.23,,
DEBIT,07/01/2024,"BYUI TICKET OFFICE REXBURG ID                06/28",-3.00,DEBIT_CARD,14829.69,,
DEBIT,07/01/2024,"McDonalds 5138 120-8356006 ID                06/28",-5.30,DEBIT_CARD,14832.69,,
DEBIT,06/28/2024,"BYUI FOOD SVCS REXBURG ID                    06/27",-3.58,DEBIT_CARD,14837.99,,
DEBIT,06/28/2024,"McDonalds 5138 120-8356006 ID                06/27",-2.90,DEBIT_CARD,14841.57,,
CREDIT,06/28/2024,"Online Transfer from  CHK ...2685 transaction#: 21162189907",50.00,ACCT_XFER,14844.47,,
DEBIT,06/27/2024,"BYUI FOOD SVCS REXBURG ID                    06/26",-12.71,DEBIT_CARD,14794.47,,
DEBIT,06/26/2024,"McDonalds 5138 120-8356006 ID                06/25",-5.30,DEBIT_CARD,14807.18,,
DEBIT,06/26/2024,"BROULIM'S #6 REXBURG ID                      06/25",-18.01,DEBIT_CARD,14812.48,,
DEBIT,06/25/2024,"Triton Investmen Rent       218916624       WEB ID: 1861072180",-25.00,MISC_DEBIT,14830.49,,
DEBIT,06/25/2024,"VENMO            PAYMENT    1035223523423   WEB ID: 3264681992",-40.00,ACH_DEBIT,14855.49,,
DEBIT,06/25/2024,"Ch JesusChrist   DONATION   127808527       WEB ID: 2870834341",-50.00,ACH_DEBIT,14895.49,,
DEBIT,06/25/2024,"BROULIM'S #6 REXBURG ID                      06/24",-4.65,DEBIT_CARD,14945.49,,
DEBIT,06/25/2024,"BYUI FOOD SVCS REXBURG ID                    06/24",-3.58,DEBIT_CARD,14950.14,,
DEBIT,06/25/2024,"BYUI UNIVERSITY STORE REXBURG ID             06/24",-2.65,DEBIT_CARD,14953.72,,
DEBIT,06/24/2024,"VENMO            PAYMENT    1035186980571   WEB ID: 3264681992",-7.00,ACH_DEBIT,14956.37,,
DEBIT,06/24/2024,"WINCO FOODS #42 333 NO IDAHO FALLS ID864900  06/22",-3.06,DEBIT_CARD,14963.37,,
DEBIT,06/24/2024,"COSTCO WHSE #1379 IDAHO FALLS ID     723903  06/22",-8.66,DEBIT_CARD,14966.43,,
CREDIT,06/24/2024,"VENMO            CASHOUT                    PPD ID: 5264681992",32.25,ACH_CREDIT,14975.09,,
DEBIT,06/21/2024,"WAL-MART #1878 REXBURG ID                    06/21",-75.78,DEBIT_CARD,14942.84,,
DEBIT,06/21/2024,"BYUI FOOD SVCS REXBURG ID                    06/20",-12.71,DEBIT_CARD,15018.62,,
DEBIT,06/21/2024,"McDonalds 5138 120-8356006 ID                06/20",-8.64,DEBIT_CARD,15031.33,,
CREDIT,06/21/2024,"Online Transfer from  CHK ...2685 transaction#: 21091036173",50.00,ACCT_XFER,15039.97,,
CREDIT,06/21/2024,"BRIGHAM YOUNG UN PAYROLL                    PPD ID: 3820207699",493.57,ACH_CREDIT,14989.97,,
DEBIT,06/20/2024,"WAL-MART  WAL-MART SUP REXBURG ID            06/19",-25.60,DEBIT_CARD,14496.40,,
DEBIT,06/20/2024,"GREAT SCOTT 1 REXBURG ID             811854  06/19",-1.69,DEBIT_CARD,14522.00,,
DEBIT,06/20/2024,"McDonalds 5138 120-8356006 ID                06/18",-7.79,DEBIT_CARD,14523.69,,
DEBIT,06/18/2024,"BYUI FOOD SVCS REXBURG ID                    06/17",-3.58,DEBIT_CARD,14531.48,,
DEBIT,06/17/2024,"PAYPAL           INST XFER  HELPCOURSER TXI WEB ID: PAYPALSI77",-49.00,ACH_DEBIT,14535.06,,
DEBIT,06/17/2024,"VENMO            PAYMENT    1035058823181   WEB ID: 3264681992",-72.00,ACH_DEBIT,14584.06,,
DEBIT,06/17/2024,"WINCO FOODS #42 333 NO IDAHO FALLS ID457932  06/15",-5.19,DEBIT_CARD,14656.06,,
DEBIT,06/17/2024,"WINCO FOODS #42 333 NO IDAHO FALLS ID623697  06/15",-37.48,DEBIT_CARD,14661.25,,
DEBIT,06/17/2024,"COSTCO WHSE #1379 IDAHO FALLS ID     379866  06/15",-3.70,DEBIT_CARD,14698.73,,
DEBIT,06/17/2024,"MOBETTAHS REXBURG 57 801-6423800 ID          06/14",-2.75,DEBIT_CARD,14702.43,,
DEBIT,06/17/2024,"Supercuts REXBURG ID                         06/15",-30.00,DEBIT_CARD,14705.18,,
DEBIT,06/17/2024,"TST* PIZZA PIE CAFE REX Rexburg ID           06/13",-13.17,DEBIT_CARD,14735.18,,
DEBIT,06/14/2024,"McDonalds 5138 120-8356006 ID                06/13",-7.79,DEBIT_CARD,14748.35,,
CREDIT,06/14/2024,"Online Transfer from  CHK ...2685 transaction#: 21021717635",50.00,ACCT_XFER,14756.14,,
DEBIT,06/13/2024,"BYUI FOOD SVCS REXBURG ID                    06/12",-3.58,DEBIT_CARD,14706.14,,
DEBIT,06/12/2024,"BYUI FOOD SVCS REXBURG ID                    06/11",-5.40,DEBIT_CARD,14709.72,,
DEBIT,06/12/2024,"APPLE.COM/BILL 866-712-7753 CA               06/12",-12.67,DEBIT_CARD,14715.12,,
DEBIT,06/11/2024,"PANDA EXPRESS 2734 REXBURG ID                06/10",-12.83,DEBIT_CARD,14727.79,,
DEBIT,06/11/2024,"BYUI FOOD SVCS REXBURG ID                    06/10",-2.32,DEBIT_CARD,14740.62,,
DEBIT,06/11/2024,"BYUI FOOD SVCS REXBURG ID                    06/10",-3.58,DEBIT_CARD,14742.94,,
DEBIT,06/10/2024,"WAL-MART  WAL-MART SUP REXBURG ID            06/10",-50.77,DEBIT_CARD,14746.52,,
DEBIT,06/10/2024,"MAVERIK CNTRY STRE 195 REXBURG ID            06/08",-15.36,DEBIT_CARD,14797.29,,
DEBIT,06/10/2024,"BYUI FOOD SVCS REXBURG ID                    06/08",-5.04,DEBIT_CARD,14812.65,,
DEBIT,06/10/2024,"TACO BELL 029852 REXBURG ID                  06/08",-13.76,DEBIT_CARD,14817.69,,
DEBIT,06/10/2024,"MAVERIK CNTRY STRE 195 REXBURG ID            06/08",-55.86,DEBIT_CARD,14831.45,,
DEBIT,06/10/2024,"BYUI FOOD SVCS REXBURG ID                    06/07",-9.74,DEBIT_CARD,14887.31,,
DEBIT,06/10/2024,"BYUI FOOD SVCS REXBURG ID                    06/07",-3.78,DEBIT_CARD,14897.05,,
DEBIT,06/07/2024,"McDonalds 5138 120-8356006 ID                06/06",-4.96,DEBIT_CARD,14900.83,,
CREDIT,06/07/2024,"Online Transfer from  CHK ...2685 transaction#: 20943082263",50.00,ACCT_XFER,14905.79,,
CREDIT,06/07/2024,"BRIGHAM YOUNG UN PAYROLL                    PPD ID: 3820207699",456.26,ACH_CREDIT,14855.79,,
DEBIT,06/06/2024,"MCDONALD'S F5138 REXBURG ID                  06/05",-7.79,DEBIT_CARD,14399.53,,
DEBIT,06/05/2024,"DAIRY QUEEN #14952 REXBURG ID                06/04",-6.83,DEBIT_CARD,14407.32,,
DEBIT,06/05/2024,"FREDDY'S 76-0001 REXBURG ID                  06/04",-11.12,DEBIT_CARD,14414.15,,
DEBIT,06/04/2024,"BYUI FOOD SVCS REXBURG ID                    06/03",-9.74,DEBIT_CARD,14425.27,,
DEBIT,06/04/2024,"BYUI FOOD SVCS REXBURG ID                    06/03",-3.58,DEBIT_CARD,14435.01,,
DEBIT,06/03/2024,"Manual DB-Bkrg 06/03",-50.00,ACCT_XFER,14438.59,,
DEBIT,06/03/2024,"Manual DB-Bkrg 06/03",-12.50,ACCT_XFER,14488.59,,
DEBIT,06/03/2024,"Manual DB-Bkrg 06/03",-37.50,ACCT_XFER,14501.09,,
DEBIT,06/03/2024,"VENMO            PAYMENT    1034772835823   WEB ID: 3264681992",-35.00,ACH_DEBIT,14538.59,,
DEBIT,06/03/2024,"TST* LIBERTY BURGER - J Jackson WY           06/01",-65.52,DEBIT_CARD,14573.59,,
DEBIT,06/03/2024,"WAL-MART  WAL-MART SUP REXBURG ID            05/31",-42.16,DEBIT_CARD,14639.11,,
DEBIT,06/03/2024,"BYUI FOOD SVCS REXBURG ID                    05/31",-10.17,DEBIT_CARD,14681.27,,
DEBIT,05/31/2024,"BYUI FOOD SVCS REXBURG ID                    05/30",-2.32,DEBIT_CARD,14691.44,,
DEBIT,05/31/2024,"McDonalds 5138 120-8356006 ID                05/30",-5.27,DEBIT_CARD,14693.76,,
CREDIT,05/31/2024,"Online Transfer from  CHK ...2685 transaction#: 20873479496",50.00,ACCT_XFER,14699.03,,
DEBIT,05/30/2024,"Ch JesusChrist   DONATION   126596244       WEB ID: 2870834341",-110.00,ACH_DEBIT,14649.03,,
DEBIT,05/30/2024,"BYUI FOOD SVCS REXBURG ID                    05/29",-3.58,DEBIT_CARD,14759.03,,
DEBIT,05/29/2024,"PAYPAL           INST XFER  BLUEHOSTCOM     WEB ID: PAYPALSI77",-0.18,ACH_DEBIT,14762.61,,
DEBIT,05/29/2024,"PAYPAL           INST XFER  BLUEHOSTCOM     WEB ID: PAYPALSI77",-35.40,ACH_DEBIT,14762.79,,
DEBIT,05/29/2024,"WENDY'S #12308 REXBURG ID                    05/28",-3.50,DEBIT_CARD,14798.19,,
DEBIT,05/29/2024,"McDonalds 5138 120-8356006 ID                05/27",-7.79,DEBIT_CARD,14801.69,,
DEBIT,05/28/2024,"MAVERIK CNTRY STRE 195 REXBURG ID            05/27",-15.36,DEBIT_CARD,14809.48,,
DEBIT,05/28/2024,"WAL-MART  WAL-MART SUP REXBURG ID            05/27",-16.27,DEBIT_CARD,14824.84,,
DEBIT,05/28/2024,"McDonalds 5138 120-8356006 ID                05/26",-7.79,DEBIT_CARD,14841.11,,
DEBIT,05/28/2024,"REXBURG TEMPLE REXBURG ID                    05/25",-1.00,DEBIT_CARD,14848.90,,
DEBIT,05/28/2024,"McDonalds 5138 120-8356006 ID                05/25",-5.27,DEBIT_CARD,14849.90,,
DEBIT,05/28/2024,"WAL-MART SUPER CENTER REXBURG ID             05/24",-41.01,DEBIT_CARD,14855.17,,
DEBIT,05/24/2024,"PAYPAL           INST XFER  SWIMOUTLET      WEB ID: PAYPALSI77",-45.73,ACH_DEBIT,14896.18,,
DEBIT,05/24/2024,"VENDING MACHINE PETALUMA CA                  05/24",-2.53,DEBIT_CARD,14941.91,,
DEBIT,05/24/2024,"BYUI FOOD SVCS REXBURG ID                    05/23",-10.23,DEBIT_CARD,14944.44,,
DEBIT,05/24/2024,"McDonalds 5138 120-8356006 ID                05/23",-4.87,DEBIT_CARD,14954.67,,
CREDIT,05/24/2024,"Online Transfer from  CHK ...2685 transaction#: 20805284403",50.00,ACCT_XFER,14959.54,,
CREDIT,05/24/2024,"BRIGHAM YOUNG UN PAYROLL                    PPD ID: 3820207699",525.88,ACH_CREDIT,14909.54,,
DEBIT,05/23/2024,"BYUI FOOD SVCS REXBURG ID                    05/22",-6.56,DEBIT_CARD,14383.66,,
DEBIT,05/22/2024,"McDonalds 5138 120-8356006 ID                05/21",-11.68,DEBIT_CARD,14390.22,,
DEBIT,05/21/2024,"BYUI FOOD SVCS REXBURG ID                    05/20",-3.58,DEBIT_CARD,14401.90,,
DEBIT,05/20/2024,"WAL-MART  WAL-MART SUP REXBURG ID            05/18",-46.85,DEBIT_CARD,14405.48,,
DEBIT,05/20/2024,"VENDING MACHINE PETALUMA CA                  05/17",-2.53,DEBIT_CARD,14452.33,,
DEBIT,05/20/2024,"BYUI FOOD SVCS REXBURG ID                    05/17",-10.23,DEBIT_CARD,14454.86,,
CREDIT,05/20/2024,"Online Transfer from CHK ...2685 transaction#: 20837968237",100.00,ACCT_XFER,14465.09,,
DEBIT,05/17/2024,"FREDDY'S 76-0001 REXBURG ID                  05/16",-11.12,DEBIT_CARD,14365.09,,
DEBIT,05/17/2024,"McDonalds 5138 120-8356006 ID                05/16",-5.27,DEBIT_CARD,14376.21,,
CREDIT,05/17/2024,"Online Transfer from  CHK ...2685 transaction#: 20732679502",50.00,ACCT_XFER,14381.48,,
DEBIT,05/16/2024,"BYUI FOOD SVCS REXBURG ID                    05/15",-4.97,DEBIT_CARD,14331.48,,
DEBIT,05/16/2024,"BYUI UNIVERSITY STORE REXBURG ID             05/15",-24.37,DEBIT_CARD,14336.45,,
DEBIT,05/15/2024,"PAYPAL           INST XFER  HELPCOURSER TXI WEB ID: PAYPALSI77",-49.00,ACH_DEBIT,14360.82,,
DEBIT,05/15/2024,"BYUI FOOD SVCS REXBURG ID                    05/14",-2.32,DEBIT_CARD,14409.82,,
DEBIT,05/14/2024,"WAL-MART #1878 REXBURG ID                    05/13",-4.21,DEBIT_CARD,14412.14,,
DEBIT,05/14/2024,"BYUI FOOD SVCS REXBURG ID                    05/13",-6.56,DEBIT_CARD,14416.35,,
DEBIT,05/13/2024,"VENMO            PAYMENT    1034340144802   WEB ID: 3264681992",-14.20,ACH_DEBIT,14422.91,,
DEBIT,05/13/2024,"VENMO            PAYMENT    1034335903357   WEB ID: 3264681992",-15.00,ACH_DEBIT,14437.11,,
DEBIT,05/13/2024,"SUPERCUTS 81293 REXBURG ID                   05/11",-30.00,DEBIT_CARD,14452.11,,
DEBIT,05/13/2024,"COSTCO WHSE #1379 IDAHO FALLS ID     729515  05/11",-3.70,DEBIT_CARD,14482.11,,
DEBIT,05/13/2024,"FAT CATS REXBURG REXBURG ID                  05/10",-21.20,DEBIT_CARD,14485.81,,
DEBIT,05/13/2024,"REXBURG TEMPLE REXBURG ID                    05/10",-2.00,DEBIT_CARD,14507.01,,
DEBIT,05/13/2024,"McDonalds 5138 120-8356006 ID                05/10",-5.27,DEBIT_CARD,14509.01,,
CREDIT,05/13/2024,"VENMO            CASHOUT                    PPD ID: 5264681992",10.50,ACH_CREDIT,14514.28,,
DEBIT,05/10/2024,"BYUI FOOD SVCS REXBURG ID                    05/09",-9.74,DEBIT_CARD,14503.78,,
CREDIT,05/10/2024,"Online Transfer from  CHK ...2685 transaction#: 20660876879",50.00,ACCT_XFER,14513.52,,
CREDIT,05/10/2024,"BRIGHAM YOUNG UN PAYROLL                    PPD ID: 3820207699",556.82,ACH_CREDIT,14463.52,,
DEBIT,05/09/2024,"BYUI FOOD SVCS REXBURG ID                    05/08",-3.58,DEBIT_CARD,13906.70,,
DEBIT,05/08/2024,"WAL-MART  WAL-MART SUP REXBURG ID            05/08",-38.62,DEBIT_CARD,13910.28,,
DEBIT,05/08/2024,"WAL-MART  WAL-MART SUP REXBURG ID            05/08",-53.73,DEBIT_CARD,13948.90,,
DEBIT,05/07/2024,"VENMO            PAYMENT    1034237562156   WEB ID: 3264681992",-5.00,ACH_DEBIT,14002.63,,
DEBIT,05/07/2024,"DAIRY QUEEN #14952 REXBURG ID                05/06",-6.83,DEBIT_CARD,14007.63,,
DEBIT,05/07/2024,"BYUI FOOD SVCS REXBURG ID                    05/06",-3.58,DEBIT_CARD,14014.46,,
DEBIT,05/06/2024,"MAVERIK CNTRY STRE 195 REXBURG ID            05/04",-4.23,DEBIT_CARD,14018.04,,
DEBIT,05/06/2024,"McDonalds 5138 120-8356006 ID                05/04",-8.64,DEBIT_CARD,14022.27,,
DEBIT,05/06/2024,"SQ *GUARDIAN Rexburg ID                      05/03",-80.00,DEBIT_CARD,14030.91,,
DEBIT,05/06/2024,"REXBURG TEMPLE REXBURG ID                    05/03",-2.00,DEBIT_CARD,14110.91,,
DEBIT,05/06/2024,"McDonalds 5138 120-8356006 ID                05/03",-7.79,DEBIT_CARD,14112.91,,
CREDIT,05/06/2024,"VENMO            CASHOUT                    PPD ID: 5264681992",21.96,ACH_CREDIT,14120.70,,
DSLIP,05/06/2024,"REMOTE ONLINE DEPOSIT #          1",5.00,CHECK_DEPOSIT,14098.74,1,
CREDIT,05/03/2024,"Online Transfer from  CHK ...2685 transaction#: 20581668240",50.00,ACCT_XFER,14093.74,,
DEBIT,05/02/2024,"PAYPAL           INST XFER  WALMART COM     WEB ID: PAYPALSI77",-16.88,ACH_DEBIT,14043.74,,
DEBIT,05/02/2024,"BYUI FOOD SVCS REXBURG ID                    05/01",-3.58,DEBIT_CARD,14060.62,,
DEBIT,05/01/2024,"WAL-MART  WAL-MART SUP REXBURG ID            05/01",-30.99,DEBIT_CARD,14064.20,,
DEBIT,05/01/2024,"Manual DB-Bkrg 05/01",-50.00,ACCT_XFER,14095.19,,
DEBIT,04/30/2024,"Ch JesusChrist   DONATION   125187837       WEB ID: 2870834341",-41.00,ACH_DEBIT,14145.19,,
DEBIT,04/30/2024,"CASHNET SMARTPAY BYUI       763809633       WEB ID: 9061578063",-45.00,ACH_DEBIT,14186.19,,
DEBIT,04/30/2024,"BYUI FOOD SVCS REXBURG ID                    04/29",-3.58,DEBIT_CARD,14231.19,,
DEBIT,04/29/2024,"VENMO            PAYMENT    1034036818315   WEB ID: 3264681992",-18.00,ACH_DEBIT,14234.77,,
DEBIT,04/29/2024,"MCDONALD'S F5138 REXBURG ID                  04/27",-1.06,DEBIT_CARD,14252.77,,
DEBIT,04/29/2024,"WAL-MART  WAL-MART SUP REXBURG ID            04/27",-31.04,DEBIT_CARD,14253.83,,
DEBIT,04/29/2024,"TACO BELL 029852 REXBURG ID                  04/26",-13.98,DEBIT_CARD,14284.87,,
DEBIT,04/29/2024,"McDonalds 5138 120-8356006 ID                04/26",-3.80,DEBIT_CARD,14298.85,,
DEBIT,04/26/2024,"BYUI FOOD SVCS REXBURG ID                    04/25",-3.58,DEBIT_CARD,14302.65,,
CREDIT,04/26/2024,"Online Transfer from  CHK ...2685 transaction#: 20514652449",50.00,ACCT_XFER,14306.23,,
CREDIT,04/26/2024,"BRIGHAM YOUNG UN PAYROLL                    PPD ID: 3820207699",60.99,ACH_CREDIT,14256.23,,
DEBIT,04/25/2024,"CASHNET SMARTPAY BYUI       763809633       WEB ID: 9061578063",-938.00,ACH_DEBIT,14195.24,,
DEBIT,04/25/2024,"BYUI FOOD SVCS REXBURG ID                    04/24",-3.58,DEBIT_CARD,15133.24,,
DEBIT,04/24/2024,"BYUI FOOD SVCS REXBURG ID                    04/23",-10.23,DEBIT_CARD,15136.82,,
DEBIT,04/23/2024,"BYUI UNIVERSITY STORE REXBURG ID             04/22",-17.69,DEBIT_CARD,15147.05,,
CREDIT,04/23/2024,"Online Transfer from SAV ...9019 transaction#: 20558180028",873.00,ACCT_XFER,15164.74,,
DEBIT,04/22/2024,"WENDYS 13487 REXBURG ID                      04/21",-6.36,DEBIT_CARD,14291.74,,
DEBIT,04/22/2024,"WAL-MART #1878 REXBURG ID                    04/21",-30.02,DEBIT_CARD,14298.10,,
DEBIT,04/22/2024,"WAL-MART  WAL-MART SUP REXBURG ID            04/21",-67.86,DEBIT_CARD,14328.12,,
DEBIT,04/22/2024,"MAVERIK #676 ELWOOD UT                       04/21",-3.08,DEBIT_CARD,14395.98,,
DEBIT,04/22/2024,"MAVERIK #676 ELWOOD UT                       04/21",-29.88,DEBIT_CARD,14399.06,,
DEBIT,04/22/2024,"FAST GAS #12 SPRINGVILLE UT                  04/21",-2.58,DEBIT_CARD,14428.94,,
CREDIT,04/22/2024,"Online Transfer from CHK ...2685 transaction#: 20541891119",50.00,ACCT_XFER,14431.52,,
CREDIT,04/19/2024,"Online Transfer from  CHK ...2685 transaction#: 20443833775",50.00,ACCT_XFER,14381.52,,
DEBIT,04/15/2024,"PAYPAL           INST XFER  HELPCOURSER TXI WEB ID: PAYPALSI77",-49.00,ACH_DEBIT,14331.52,,
DEBIT,04/15/2024,"MCDONALD'S F20727 DFW AIRPORT TX             04/14",-11.36,DEBIT_CARD,14380.52,,
DEBIT,04/15/2024,"SHAKE SHACK CONC C BNA NASHVILLE TN          04/14",-9.48,DEBIT_CARD,14391.88,,
DEBIT,04/15/2024,"MCDONALD'S F17274 CHICAGO IL                 04/12",-12.02,DEBIT_CARD,14401.36,,
CREDIT,04/12/2024,"Online Transfer from  CHK ...2685 transaction#: 20374734776",50.00,ACCT_XFER,14413.38,,
CREDIT,04/12/2024,"BRIGHAM YOUNG UN PAYROLL                    PPD ID: 3820207699",341.85,ACH_CREDIT,14363.38,,
DEBIT,04/10/2024,"Manual DB-Bkrg 04/10",-2000.00,ACCT_XFER,14021.53,,
DEBIT,04/10/2024,"CHINA COOK ONTARIO CA                        04/09",-9.30,DEBIT_CARD,16021.53,,
DEBIT,04/09/2024,"STATERBROS 204 3460 E ONTARIO CA     003937  04/09",-16.19,DEBIT_CARD,16030.83,,
DEBIT,04/09/2024,"CITY OF LAGUNA BEACH LAGUNA BEACH CA         04/08",-3.75,DEBIT_CARD,16047.02,,
DEBIT,04/09/2024,"NEW PACIFIC AIRLINES 888-3990814 AK          04/06",158.00,DEBIT_CARD,16050.77,,
DEBIT,04/08/2024,"COSTCO WHSE #0122 TUSTIN CA          432403  04/08",-1.62,DEBIT_CARD,15892.77,,
DEBIT,04/08/2024,"COSTCO GAS #0122 TUSTIN CA           211597  04/08",-66.97,DEBIT_CARD,15894.39,,
DEBIT,04/08/2024,"CHEVRON 0099879 BAKER CA                     04/06",-25.53,DEBIT_CARD,15961.36,,
DEBIT,04/08/2024,"IN-N-OUTWASHINGTONCI WASHINGTON CI UT        04/06",-5.71,DEBIT_CARD,15986.89,,
DEBIT,04/08/2024,"MAVERIK #657 WASHINGTON UT                   04/06",-3.08,DEBIT_CARD,15992.60,,
DEBIT,04/08/2024,"MAVERIK #657 WASHINGTON UT                   04/06",-47.32,DEBIT_CARD,15995.68,,
DEBIT,04/08/2024,"MAVERIK CNTRY STRE 321 PROVO UT              04/06",-13.78,DEBIT_CARD,16043.00,,
DEBIT,04/08/2024,"MAVERIK CNTRY STRE 321 PROVO UT              04/06",-53.24,DEBIT_CARD,16056.78,,
DEBIT,04/08/2024,"McDonalds 10437 180-1374690 UT               04/06",-6.54,DEBIT_CARD,16110.02,,
DEBIT,04/08/2024,"RAISING CANES 0593 PROVO UT                  04/05",-26.27,DEBIT_CARD,16116.56,,
DEBIT,04/08/2024,"MCDONALD'S F36056 REXBURG ID                 04/05",-7.11,DEBIT_CARD,16142.83,,
CREDIT,04/08/2024,"Online Transfer from CHK ...2685 transaction#: 20405619262",100.00,ACCT_XFER,16149.94,,
DEBIT,04/05/2024,"GOOD 2 GO 105 REXBURG ID             776298  04/05",-28.23,DEBIT_CARD,16049.94,,
DEBIT,04/05/2024,"WENDY'S #12308 REXBURG ID                    04/04",-2.12,DEBIT_CARD,16078.17,,
DEBIT,04/05/2024,"BYUI FOOD SVCS REXBURG ID                    04/04",-5.37,DEBIT_CARD,16080.29,,
CREDIT,04/05/2024,"Online Transfer from  CHK ...2685 transaction#: 20296639921",50.00,ACCT_XFER,16085.66,,
DEBIT,04/04/2024,"BYUI FOOD SVCS REXBURG ID                    04/03",-10.23,DEBIT_CARD,16035.66,,
DEBIT,04/03/2024,"Ch JesusChrist   DONATION   124015122       WEB ID: 2870834341",-36.00,ACH_DEBIT,16045.89,,
DEBIT,04/03/2024,"BWW IDAHO FALLS 590 678-514-4100 ID          04/02",-26.56,DEBIT_CARD,16081.89,,
DEBIT,04/03/2024,"BYUI FOOD SVCS REXBURG ID                    04/02",-3.58,DEBIT_CARD,16108.45,,
DEBIT,04/03/2024,"VENDING MACHINE PETALUMA CA                  04/02",-2.53,DEBIT_CARD,16112.03,,
DEBIT,04/02/2024,"BROULIM'S #6 REXBURG ID                      04/01",-6.35,DEBIT_CARD,16114.56,,
DEBIT,04/02/2024,"WENDY'S #12308 REXBURG ID                    04/01",-3.81,DEBIT_CARD,16120.91,,
DEBIT,04/02/2024,"BYUI FOOD SVCS REXBURG ID                    04/01",-4.97,DEBIT_CARD,16124.72,,
DEBIT,04/02/2024,"APPLE.COM/BILL 866-712-7753 CA               04/02",-18.00,DEBIT_CARD,16129.69,,
CREDIT,04/02/2024,"Online Transfer from CHK ...2685 transaction#: 20343032271",25.00,ACCT_XFER,16147.69,,
DEBIT,04/01/2024,"BYUI FOOD SVCS REXBURG ID                    03/30",-9.74,DEBIT_CARD,16122.69,,
DEBIT,04/01/2024,"BYUI FOOD SVCS REXBURG ID                    03/29",-3.15,DEBIT_CARD,16132.43,,
DEBIT,04/01/2024,"McDonalds 5138 120-8356006 ID                03/29",-7.11,DEBIT_CARD,16135.58,,
DEBIT,03/29/2024,"VENMO            PAYMENT    1033406458430   WEB ID: 3264681992",-5.00,ACH_DEBIT,16142.69,,
CREDIT,03/29/2024,"PAYPAL           TRANSFER                   PPD ID: PAYPALSD11",45.49,ACH_CREDIT,16147.69,,
CREDIT,03/29/2024,"PAYPAL           TRANSFER                   PPD ID: PAYPALSD11",46.88,ACH_CREDIT,16102.20,,
CREDIT,03/29/2024,"Online Transfer from  CHK ...2685 transaction#: 20229803780",50.00,ACCT_XFER,16055.32,,
CREDIT,03/29/2024,"BRIGHAM YOUNG UN PAYROLL                    PPD ID: 3820207699",355.74,ACH_CREDIT,16005.32,,
DEBIT,03/28/2024,"SQ *CRISPY CONES Rexburg ID                  03/27",-18.21,DEBIT_CARD,15649.58,,
DEBIT,03/28/2024,"TAGG N GO REXBURG REXBURG ID                 03/27",-12.00,DEBIT_CARD,15667.79,,
DEBIT,03/28/2024,"TACO BELL 029852 REXBURG ID                  03/27",-12.71,DEBIT_CARD,15679.79,,
DEBIT,03/28/2024,"McDonalds 5138 120-8356006 ID                03/27",-3.49,DEBIT_CARD,15692.50,,
DEBIT,03/27/2024,"BYUI FOOD SVCS REXBURG ID                    03/26",-3.58,DEBIT_CARD,15695.99,,
DEBIT,03/26/2024,"WENDYS 13487 REXBURG ID                      03/25",-6.36,DEBIT_CARD,15699.57,,
DEBIT,03/26/2024,"BYUI FOOD SVCS REXBURG ID                    03/25",-3.58,DEBIT_CARD,15705.93,,
DEBIT,03/25/2024,"WAL-MART  WAL-MART SUP REXBURG ID            03/25",-42.00,DEBIT_CARD,15709.51,,
DEBIT,03/25/2024,"WALGREENS STORE 164 E REXBURG ID     815336  03/25",-4.23,DEBIT_CARD,15751.51,,
DEBIT,03/25/2024,"VENMO            PAYMENT    1033325959606   WEB ID: 3264681992",-5.00,ACH_DEBIT,15755.74,,
DEBIT,03/25/2024,"BYUI FOOD SVCS REXBURG ID                    03/23",-10.23,DEBIT_CARD,15760.74,,
DEBIT,03/25/2024,"MCDONALD'S F5138 REXBURG ID                  03/23",-6.24,DEBIT_CARD,15770.97,,
DEBIT,03/25/2024,"WAL-MART #1878 REXBURG ID                    03/22",-43.21,DEBIT_CARD,15777.21,,
DEBIT,03/25/2024,"BYUI FOOD SVCS REXBURG ID                    03/22",-3.15,DEBIT_CARD,15820.42,,
CREDIT,03/25/2024,"PAYPAL           TRANSFER                   PPD ID: PAYPALSD11",2.56,ACH_CREDIT,15823.57,,
DEBIT,03/22/2024,"WAL-MART  WAL-MART SUP REXBURG ID            03/22",-26.48,DEBIT_CARD,15821.01,,
CREDIT,03/22/2024,"Online Transfer from  CHK ...2685 transaction#: 20161520531",50.00,ACCT_XFER,15847.49,,
DEBIT,03/21/2024,"TACO BELL 029852 REXBURG ID                  03/20",-16.31,DEBIT_CARD,15797.49,,
DEBIT,03/20/2024,"Deseret Book - 51770 Rexburg ID              03/20",-20.16,DEBIT_CARD,15813.80,,
DEBIT,03/20/2024,"BYUI FOOD SVCS REXBURG ID                    03/19",-3.58,DEBIT_CARD,15833.96,,
DEBIT,03/20/2024,"ASIAN CUISINE & SUSHI B REXBURG ID           03/18",-16.09,DEBIT_CARD,15837.54,,
DEBIT,03/19/2024,"Ch JesusChrist   DONATION   123313435       WEB ID: 2870834341",-36.00,ACH_DEBIT,15853.63,,
DEBIT,03/18/2024,"WAL-MART #1878 REXBURG ID                    03/16",-46.37,DEBIT_CARD,15889.63,,
DEBIT,03/18/2024,"REXBURG TEMPLE REXBURG ID                    03/16",-2.00,DEBIT_CARD,15936.00,,
DEBIT,03/18/2024,"TACO BELL 029852 REXBURG ID                  03/16",-17.36,DEBIT_CARD,15938.00,,
DEBIT,03/18/2024,"BYUI FOOD SVCS REXBURG ID                    03/15",-4.97,DEBIT_CARD,15955.36,,
DEBIT,03/15/2024,"VENMO            PAYMENT    1033121873158   WEB ID: 3264681992",-5.00,ACH_DEBIT,15960.33,,
DEBIT,03/15/2024,"BYUI FOOD SVCS REXBURG ID                    03/14",-15.26,DEBIT_CARD,15965.33,,
DEBIT,03/15/2024,"McDonalds 5138 120-8356006 ID                03/14",-3.49,DEBIT_CARD,15980.59,,
CREDIT,03/15/2024,"VENMO            CASHOUT                    PPD ID: 5264681992",8.00,ACH_CREDIT,15984.08,,
CREDIT,03/15/2024,"Online Transfer from  CHK ...2685 transaction#: 20095081606",50.00,ACCT_XFER,15976.08,,
CREDIT,03/15/2024,"BRIGHAM YOUNG UN PAYROLL                    PPD ID: 3820207699",357.50,ACH_CREDIT,15926.08,,
DEBIT,03/13/2024,"PAYPAL           INST XFER  LS CO           WEB ID: PAYPALSI77",-60.94,ACH_DEBIT,15568.58,,
DEBIT,03/13/2024,"Ch JesusChrist   DONATION   123044652       WEB ID: 2870834341",-33.00,ACH_DEBIT,15629.52,,
DEBIT,03/13/2024,"BYUI FOOD SVCS REXBURG ID                    03/12",-8.68,DEBIT_CARD,15662.52,,
DEBIT,03/13/2024,"McDonalds 5138 120-8356006 ID                03/12",-1.06,DEBIT_CARD,15671.20,,
DEBIT,03/12/2024,"BYUI FOOD SVCS REXBURG ID                    03/11",-8.55,DEBIT_CARD,15672.26,,
DEBIT,03/11/2024,"VENMO            PAYMENT    1033023047746   WEB ID: 3264681992",-5.00,ACH_DEBIT,15680.81,,
DEBIT,03/11/2024,"SUPERCUTS 81915 REXBURG ID                   03/09",-25.00,DEBIT_CARD,15685.81,,
DEBIT,03/11/2024,"SUPERCUTS 81915 REXBURG ID                   03/09",-25.00,DEBIT_CARD,15710.81,,
DEBIT,03/11/2024,"GRAVITY FACTORY REXBURG ID                   03/08",-27.56,DEBIT_CARD,15735.81,,
DEBIT,03/11/2024,"BYUI FOOD SVCS REXBURG ID                    03/08",-10.48,DEBIT_CARD,15763.37,,
DEBIT,03/11/2024,"McDonalds 5138 120-8356006 ID                03/08",-3.49,DEBIT_CARD,15773.85,,
CREDIT,03/11/2024,"VENMO            CASHOUT                    PPD ID: 5264681992",29.85,ACH_CREDIT,15777.34,,
CREDIT,03/08/2024,"Online Transfer from  CHK ...2685 transaction#: 20021342950",50.00,ACCT_XFER,15747.49,,
DEBIT,03/07/2024,"BYUI TICKET OFFICE REXBURG ID                03/06",-6.00,DEBIT_CARD,15697.49,,
DEBIT,03/07/2024,"FIVE GUYS ID 1872 QSR REXBURG ID             03/06",-16.09,DEBIT_CARD,15703.49,,
DEBIT,03/06/2024,"PAYPAL           INST XFER  LS CO           WEB ID: PAYPALSI77",-54.38,ACH_DEBIT,15719.58,,
DEBIT,03/06/2024,"BYUI FOOD SVCS REXBURG ID                    03/05",-7.17,DEBIT_CARD,15773.96,,
DEBIT,03/04/2024,"VENMO            PAYMENT    1032875502798   WEB ID: 3264681992",-5.00,ACH_DEBIT,15781.13,,
DEBIT,03/04/2024,"MAVERIK #195 REXBURG ID              897180  03/02",-44.76,DEBIT_CARD,15786.13,,
DEBIT,03/04/2024,"DOMINO'S 7391 REXBURG ID                     03/02",-47.67,DEBIT_CARD,15830.89,,
DEBIT,03/04/2024,"BYUI FOOD SVCS REXBURG ID                    03/01",-3.15,DEBIT_CARD,15878.56,,
CREDIT,03/04/2024,"VENMO            CASHOUT                    PPD ID: 5264681992",36.70,ACH_CREDIT,15881.71,,
CREDIT,03/01/2024,"Offer: McDonalds (GMA) App",0.50,MISC_CREDIT,15845.01,,
CREDIT,03/01/2024,"Online Transfer from CHK ...2685 transaction#: 20023722896",25.00,ACCT_XFER,15844.51,,
CREDIT,03/01/2024,"Online Transfer from  CHK ...2685 transaction#: 19948402211",50.00,ACCT_XFER,15819.51,,
CREDIT,03/01/2024,"BRIGHAM YOUNG UN PAYROLL                    PPD ID: 3820207699",323.18,ACH_CREDIT,15769.51,,
DEBIT,02/29/2024,"WAL-MART  Wal-Mart Sup REXBURG ID            02/29",-8.46,DEBIT_CARD,15446.33,,
DEBIT,02/29/2024,"McDonalds 5138 120-8356006 ID                02/28",-14.31,DEBIT_CARD,15454.79,,
DEBIT,02/28/2024,"McDonalds 5138 120-8356006 ID                02/27",-4.13,DEBIT_CARD,15469.10,,
DEBIT,02/26/2024,"McDonalds 5138 120-8356006 ID                02/25",-10.08,DEBIT_CARD,15473.23,,
DEBIT,02/26/2024,"TACO BELL 029852 REXBURG ID                  02/24",-20.95,DEBIT_CARD,15483.31,,
DEBIT,02/26/2024,"TACO BELL 729852 208-656-0220 ID             02/24",-1.06,DEBIT_CARD,15504.26,,
DEBIT,02/26/2024,"BYUI FOOD SVCS REXBURG ID                    02/23",-3.15,DEBIT_CARD,15505.32,,
CREDIT,02/23/2024,"Online Transfer from  CHK ...2685 transaction#: 19884046131",50.00,ACCT_XFER,15508.47,,
DEBIT,02/21/2024,"Ch JesusChrist   DONATION   121948480       WEB ID: 2870834341",-36.00,ACH_DEBIT,15458.47,,
DEBIT,02/21/2024,"ALBERTSONS #0171 REXBURG ID          852246  02/20",-7.41,DEBIT_CARD,15494.47,,
DEBIT,02/21/2024,"DENNY'S #9644 Rexburg ID                     02/20",-19.36,DEBIT_CARD,15501.88,,
DEBIT,02/20/2024,"VENMO            PAYMENT    1032636646594   WEB ID: 3264681992",-3.50,ACH_DEBIT,15521.24,,
DEBIT,02/20/2024,"TACO BELL 729852 208-656-0220 ID             02/19",-6.88,DEBIT_CARD,15524.74,,
DEBIT,02/20/2024,"McDonalds 5138 120-8356006 ID                02/17",-14.73,DEBIT_CARD,15531.62,,
DEBIT,02/20/2024,"BYUI FOOD SVCS REXBURG ID                    02/16",-10.48,DEBIT_CARD,15546.35,,
CREDIT,02/16/2024,"Online Transfer from  CHK ...2685 transaction#: 19816690328",50.00,ACCT_XFER,15556.83,,
CREDIT,02/16/2024,"BRIGHAM YOUNG UN PAYROLL                    PPD ID: 3820207699",353.65,ACH_CREDIT,15506.83,,
DEBIT,02/15/2024,"WAL-MART #1878 REXBURG ID                    02/14",-1.23,DEBIT_CARD,15153.18,,
DEBIT,02/15/2024,"TACO BELL 729852 208-656-0220 ID             02/14",-1.06,DEBIT_CARD,15154.41,,
DEBIT,02/14/2024,"RC Rent (208) 26 RC Rent (2 ST-T0U8M6L7L0G1 CCD ID: 1800948598",-202.95,MISC_DEBIT,15155.47,,
DEBIT,02/14/2024,"BYUI FOOD SVCS REXBURG ID                    02/13",-3.58,DEBIT_CARD,15358.42,,
DEBIT,02/14/2024,"GUERREROS MEXICAN FOOD REXBURG ID            02/12",-10.04,DEBIT_CARD,15362.00,,
CREDIT,02/14/2024,"Online Transfer from CHK ...2685 transaction#: 19863594773",25.00,ACCT_XFER,15372.04,,
DEBIT,02/13/2024,"BYUI FOOD SVCS REXBURG ID                    02/12",-3.58,DEBIT_CARD,15347.04,,
DEBIT,02/12/2024,"VENMO            PAYMENT    1032479476356   WEB ID: 3264681992",-20.00,ACH_DEBIT,15350.62,,
DEBIT,02/12/2024,"SUPERCUTS 81293 REXBURG ID                   02/10",-25.00,DEBIT_CARD,15370.62,,
DEBIT,02/12/2024,"McDonalds 5138 120-8356006 ID                02/11",-10.08,DEBIT_CARD,15395.62,,
DEBIT,02/12/2024,"TACO BELL 029852 REXBURG ID                  02/10",-35.58,DEBIT_CARD,15405.70,,
DEBIT,02/12/2024,"BYUI FOOD SVCS REXBURG ID                    02/09",-9.74,DEBIT_CARD,15441.28,,
DEBIT,02/09/2024,"BYUI FOOD SVCS REXBURG ID                    02/08",-3.58,DEBIT_CARD,15451.02,,
CREDIT,02/09/2024,"Online Transfer from  CHK ...2685 transaction#: 19749194705",50.00,ACCT_XFER,15454.60,,
DEBIT,02/08/2024,"McDonalds 5138 120-8356006 ID                02/07",-10.08,DEBIT_CARD,15404.60,,
DEBIT,02/07/2024,"WAL-MART #1878 REXBURG ID                    02/07",-33.37,DEBIT_CARD,15414.68,,
DEBIT,02/06/2024,"Ch JesusChrist   DONATION   121312312       WEB ID: 2870834341",-33.00,ACH_DEBIT,15448.05,,
DEBIT,02/06/2024,"BYUI FOOD SVCS REXBURG ID                    02/05",-3.58,DEBIT_CARD,15481.05,,
DEBIT,02/05/2024,"NEW PACIFIC AIRLINES 907-2668394 AK          02/03",-158.00,DEBIT_CARD,15484.63,,
DEBIT,02/05/2024,"DENNY'S #9644 Rexburg ID                     02/03",-30.23,DEBIT_CARD,15642.63,,
DEBIT,02/05/2024,"REXBURG DI REXBURG ID                416558  02/03",-20.14,DEBIT_CARD,15672.86,,
DEBIT,02/05/2024,"CAFE RIO 0090 REXBURG REXBURG ID             02/03",-18.73,DEBIT_CARD,15693.00,,
DEBIT,02/02/2024,"BYUI FOOD SVCS REXBURG ID                    02/01",-2.32,DEBIT_CARD,15711.73,,
DEBIT,02/02/2024,"BYUI FOOD SVCS REXBURG ID                    02/01",-3.18,DEBIT_CARD,15714.05,,
CREDIT,02/02/2024,"Online Transfer from  CHK ...2685 transaction#: 19678480825",50.00,ACCT_XFER,15717.23,,
CREDIT,02/02/2024,"BRIGHAM YOUNG UN PAYROLL                    PPD ID: 3820207699",321.86,ACH_CREDIT,15667.23,,
DEBIT,01/31/2024,"BYUI FOOD SVCS REXBURG ID                    01/30",-3.58,DEBIT_CARD,15345.37,,
DEBIT,01/29/2024,"VENMO            PAYMENT    1032175572778   WEB ID: 3264681992",-5.00,ACH_DEBIT,15348.95,,
DEBIT,01/29/2024,"BYUI FOOD SVCS REXBURG ID                    01/26",-2.10,DEBIT_CARD,15353.95,,
DEBIT,01/29/2024,"McDonalds 5138 120-8356006 ID                01/26",-10.08,DEBIT_CARD,15356.05,,
DEBIT,01/26/2024,"BYUI FOOD SVCS REXBURG ID                    01/25",-5.37,DEBIT_CARD,15366.13,,
CREDIT,01/26/2024,"Online Transfer from  CHK ...2685 transaction#: 19617743544",50.00,ACCT_XFER,15371.50,,
DEBIT,01/25/2024,"CASHNET SMARTPAY BYUI       763809633       WEB ID: 9061578063",-63.00,ACH_DEBIT,15321.50,,
DEBIT,01/24/2024,"BYUI FOOD SVCS REXBURG ID                    01/23",-3.58,DEBIT_CARD,15384.50,,
DEBIT,01/24/2024,"BYUI FOOD SVCS REXBURG ID                    01/23",-2.32,DEBIT_CARD,15388.08,,
DEBIT,01/24/2024,"McDonalds 5138 120-8356006 ID                01/23",-1.06,DEBIT_CARD,15390.40,,
DEBIT,01/23/2024,"Ch JesusChrist   DONATION   120632431       WEB ID: 2870834341",-19.00,ACH_DEBIT,15391.46,,
DEBIT,01/22/2024,"SQ *THE COCOA BEAN NORT Rexburg ID           01/20",-12.06,DEBIT_CARD,15410.46,,
DEBIT,01/22/2024,"REXBURG TEMPLE REXBURG ID                    01/20",-1.00,DEBIT_CARD,15422.52,,
DEBIT,01/22/2024,"DAIRY QUEEN #14952 REXBURG ID                01/19",-11.74,DEBIT_CARD,15423.52,,
DEBIT,01/22/2024,"SQ *HEBER HATCHETS Rexburg ID                01/19",-31.78,DEBIT_CARD,15435.26,,
DEBIT,01/22/2024,"BYUI FOOD SVCS REXBURG ID                    01/19",-3.15,DEBIT_CARD,15467.04,,
DEBIT,01/22/2024,"McDonalds 5138 120-8356006 ID                01/19",-4.13,DEBIT_CARD,15470.19,,
DEBIT,01/19/2024,"BYUI FOOD SVCS REXBURG ID                    01/18",-3.58,DEBIT_CARD,15474.32,,
CREDIT,01/19/2024,"Online Transfer from  CHK ...2685 transaction#: 19555890818",50.00,ACCT_XFER,15477.90,,
CREDIT,01/19/2024,"BRIGHAM YOUNG UN PAYROLL                    PPD ID: 3820207699",185.35,ACH_CREDIT,15427.90,,
DEBIT,01/17/2024,"McDonalds 5138 120-8356006 ID                01/15",-3.49,DEBIT_CARD,15242.55,,
DEBIT,01/16/2024,"CASHNET SMARTPAY BYUI       763809633       WEB ID: 9061578063",-1786.00,ACH_DEBIT,15246.04,,
DEBIT,01/16/2024,"APPLE.COM/BILL 866-712-7753 CA               01/13",-3.99,DEBIT_CARD,17032.04,,
DEBIT,01/16/2024,"BYUI UNIVERSITY STORE REXBURG ID             01/12",-40.25,DEBIT_CARD,17036.03,,
DEBIT,01/16/2024,"BYUI FOOD SVCS REXBURG ID                    01/12",-3.15,DEBIT_CARD,17076.28,,
DEBIT,01/12/2024,"WAL-MART #1878 REXBURG ID                    01/11",-42.98,DEBIT_CARD,17079.43,,
DEBIT,01/12/2024,"BYUI FOOD SVCS REXBURG ID                    01/11",-3.58,DEBIT_CARD,17122.41,,
CREDIT,01/12/2024,"Online Transfer from  CHK ...2685 transaction#: 19492945666",50.00,ACCT_XFER,17125.99,,
CREDIT,01/11/2024,"Online Transfer from CHK ...2685 transaction#: 19552574851",1746.00,ACCT_XFER,17075.99,,
DEBIT,01/08/2024,"McDonalds 5138 120-8356006 ID                01/07",-10.38,DEBIT_CARD,15329.99,,
DEBIT,01/08/2024,"BYUI TICKET OFFICE 208-496-3170 ID           01/06",-6.00,DEBIT_CARD,15340.37,,
DEBIT,01/08/2024,"BYUI UNIVERSITY STORE REXBURG ID             01/06",-40.27,DEBIT_CARD,15346.37,,
DEBIT,01/08/2024,"G & R INC. #1 PROVO UT               813623  01/06",-2.87,DEBIT_CARD,15386.64,,
DEBIT,01/08/2024,"CHEVRON 0208662 PROVO UT                     01/06",-32.92,DEBIT_CARD,15389.51,,
DEBIT,01/08/2024,"McDonalds 10437 180-1374690 UT               01/06",-4.75,DEBIT_CARD,15422.43,,
DEBIT,01/08/2024,"MAVERIK #657 WASHINGTON UT                   01/05",-14.98,DEBIT_CARD,15427.18,,
DEBIT,01/08/2024,"IN-N-OUTWASHINGTONCI WASHINGTON CI UT        01/05",-1.67,DEBIT_CARD,15442.16,,
DEBIT,01/08/2024,"STICKK.COM 347-394-4963 NY                   01/05",-5.00,DEBIT_CARD,15443.83,,
DEBIT,01/05/2024,"Wal-Mart Super Center WASHINGTON UT          01/05",-3.91,DEBIT_CARD,15448.83,,
DEBIT,01/05/2024,"SPEEDEE MART 126 LAS VEGAS NV        767883  01/05",-2.99,DEBIT_CARD,15452.74,,
DEBIT,01/05/2024,"SPEEDEE MART 126 LAS VEGAS NV                01/05",-42.85,DEBIT_CARD,15455.73,,
CREDIT,01/05/2024,"Online Transfer from  CHK ...2685 transaction#: 19424838120",50.00,ACCT_XFER,15498.58,,
CREDIT,01/05/2024,"Online Transfer from CHK ...2685 transaction#: 19494977541",100.00,ACCT_XFER,15448.58,,
DEBIT,01/04/2024,"CARLS JR 2832 ONTARIO CA                     01/03",-7.82,DEBIT_CARD,15348.58,,
DEBIT,01/04/2024,"3334 GREAT CLIPS AT NEW ONTARIO CA           01/03",-27.00,DEBIT_CARD,15356.40,,
DEBIT,01/03/2024,"TOP GOLF ONTARIO 72-2 ONTARIO CA             01/02",-133.24,DEBIT_CARD,15383.40,,
CREDIT,12/29/2023,"Online Transfer from  CHK ...2685 transaction#: 19363236762",50.00,ACCT_XFER,15516.64,,
DEBIT,12/27/2023,"IN-N-OUT EASTVALE EASTVALE CA                12/26",-20.99,DEBIT_CARD,15466.64,,
DEBIT,12/26/2023,"STICKK.COM 347-394-4963 NY                   12/25",-5.00,DEBIT_CARD,15487.63,,
DEBIT,12/26/2023,"STICKK.COM 347-394-4963 NY                   12/22",-5.00,DEBIT_CARD,15492.63,,
CREDIT,12/26/2023,"PAYPAL           TRANSFER                   PPD ID: PAYPALSD11",2.56,ACH_CREDIT,15497.63,,
CREDIT,12/26/2023,"Online Transfer from CHK ...2685 transaction#: 19389584725",1000.00,ACCT_XFER,15495.07,,
CREDIT,12/22/2023,"Online Transfer from  CHK ...2685 transaction#: 19295452895",50.00,ACCT_XFER,14495.07,,
DEBIT,12/20/2023,"IN-N-OUT ONTARIO ONTARIO CA                  12/19",-10.82,DEBIT_CARD,14445.07,,
DEBIT,12/20/2023,"SHELL OIL13055425014 ONTARIO CA              12/19",-7.72,DEBIT_CARD,14455.89,,
DEBIT,12/19/2023,"OFF BROADWAY SHOES 302 ONTARIO CA    237760  12/19",-70.68,DEBIT_CARD,14463.61,,
DEBIT,12/19/2023,"ANTHEM EXPRESS WASH ONTARIO CA               12/18",-5.00,DEBIT_CARD,14534.29,,
DEBIT,12/18/2023,"CARDENAS  2450 S VINEY ONTARIO CA            12/18",-15.57,DEBIT_CARD,14539.29,,
DEBIT,12/18/2023,"STICKK.COM 347-394-4963 NY                   12/17",-5.00,DEBIT_CARD,14554.86,,
DEBIT,12/18/2023,"VENMO            PAYMENT    1031316219347   WEB ID: 3264681992",-10.00,ACH_DEBIT,14559.86,,
CREDIT,12/18/2023,"Online Transfer from CHK ...2685 transaction#: 19331127045",25.00,ACCT_XFER,14569.86,,
DEBIT,12/15/2023,"MAVERIK #657 WASHINGTON UT                   12/14",-31.04,DEBIT_CARD,14544.86,,
DEBIT,12/15/2023,"IN-N-OUTWASHINGTONCI WASHINGTON CI UT        12/14",-6.79,DEBIT_CARD,14575.90,,
DEBIT,12/15/2023,"MAVERIK CNTRY STRE 321 PROVO UT              12/14",-7.20,DEBIT_CARD,14582.69,,
DEBIT,12/15/2023,"MAVERIK CNTRY STRE 321 PROVO UT              12/14",-33.54,DEBIT_CARD,14589.89,,
DEBIT,12/15/2023,"RAISING CANES 0593 PROVO UT                  12/14",-12.89,DEBIT_CARD,14623.43,,
DEBIT,12/15/2023,"McDonalds 5138 120-8356006 ID                12/14",-8.30,DEBIT_CARD,14636.32,,
CREDIT,12/15/2023,"Online Transfer from  CHK ...2685 transaction#: 19230513580",50.00,ACCT_XFER,14644.62,,
DEBIT,12/14/2023,"ARCO #66165 LAS VEGAS NV                     12/14",-19.69,DEBIT_CARD,14594.62,,
DEBIT,12/14/2023,"VENMO            PAYMENT    1031229459912   WEB ID: 3264681992",-12.00,ACH_DEBIT,14614.31,,
DEBIT,12/14/2023,"MAVERIK CNTRY STRE 195 REXBURG ID            12/13",-9.51,DEBIT_CARD,14626.31,,
DEBIT,12/14/2023,"McDonalds 5138 120-8356006 ID                12/13",-9.09,DEBIT_CARD,14635.82,,
DEBIT,12/13/2023,"BROULIM'S #6 REXBURG ID                      12/13",-27.51,DEBIT_CARD,14644.91,,
DEBIT,12/13/2023,"BYUI FOOD SVCS REXBURG ID                    12/12",-9.85,DEBIT_CARD,14672.42,,
CREDIT,12/13/2023,"Online Transfer from CHK ...2685 transaction#: 19276713453",150.00,ACCT_XFER,14682.27,,
DEBIT,12/11/2023,"DOMINO'S 7391 REXBURG ID                     12/10",-39.60,DEBIT_CARD,14532.27,,
DEBIT,12/11/2023,"WAL-MART  Wal-Mart Sup REXBURG ID            12/09",-4.22,DEBIT_CARD,14571.87,,
DEBIT,12/11/2023,"McDonalds 5138 120-8356006 ID                12/09",-10.08,DEBIT_CARD,14576.09,,
CREDIT,12/11/2023,"VENMO            CASHOUT                    PPD ID: 5264681992",24.00,ACH_CREDIT,14586.17,,
DEBIT,12/08/2023,"BROULIM'S #6 REXBURG ID                      12/08",-25.43,DEBIT_CARD,14562.17,,
DEBIT,12/08/2023,"FREDDY'S 76-0001 REXBURG ID                  12/07",-10.59,DEBIT_CARD,14587.60,,
DEBIT,12/08/2023,"BYUI FOOD SVCS REXBURG ID                    12/07",-2.32,DEBIT_CARD,14598.19,,
DEBIT,12/08/2023,"BYUI FOOD SVCS REXBURG ID                    12/07",-3.58,DEBIT_CARD,14600.51,,
CREDIT,12/08/2023,"Online Transfer from  CHK ...2685 transaction#: 19160756167",50.00,ACCT_XFER,14604.09,,
DEBIT,12/07/2023,"WALGREENS STORE 164 E REXBURG ID     744204  12/07",-21.19,DEBIT_CARD,14554.09,,
DEBIT,12/07/2023,"WAL-MART  Wal-Mart Sup REXBURG ID            12/07",-51.65,DEBIT_CARD,14575.28,,
DEBIT,12/07/2023,"Wal-Mart Super Center REXBURG ID             12/07",-39.69,DEBIT_CARD,14626.93,,
DEBIT,12/07/2023,"McDonalds 36056 120-8356614 ID               12/06",-2.54,DEBIT_CARD,14666.62,,
CREDIT,12/07/2023,"Online Transfer from CHK ...2685 transaction#: 19226156160",25.00,ACCT_XFER,14669.16,,
DEBIT,12/05/2023,"BYUI FOOD SVCS REXBURG ID                    12/04",-9.74,DEBIT_CARD,14644.16,,
DEBIT,12/04/2023,"PAYPAL           INST XFER  DOORDASHINC     WEB ID: PAYPALSI77",-19.73,ACH_DEBIT,14653.90,,
DEBIT,12/04/2023,"PARAMOUNT 38 S CENTER REXBURG ID             12/02",-11.75,DEBIT_CARD,14673.63,,
DEBIT,12/04/2023,"THE ROCK GYM REXBURG REXBURG ID              12/02",-21.83,DEBIT_CARD,14685.38,,
DEBIT,12/04/2023,"BYUI FOOD SVCS REXBURG ID                    12/02",-9.74,DEBIT_CARD,14707.21,,
DEBIT,12/04/2023,"McDonalds 5138 120-8356006 ID                12/01",-2.85,DEBIT_CARD,14716.95,,
DEBIT,12/01/2023,"VENMO            PAYMENT    1030956319284   WEB ID: 3264681992",-64.00,ACH_DEBIT,14719.80,,
DEBIT,12/01/2023,"TST* JAMBA JUICE - 0255 REXBURG ID           12/01",-6.67,DEBIT_CARD,14783.80,,
DEBIT,12/01/2023,"STERLING URGENT CARE - REXBURG ID            11/29",-10.00,DEBIT_CARD,14790.47,,
DEBIT,12/01/2023,"STERLING URGENT CARE - REXBURG ID            11/29",-140.00,DEBIT_CARD,14800.47,,
CREDIT,12/01/2023,"Online Transfer from  CHK ...2685 transaction#: 19093544778",50.00,ACCT_XFER,14940.47,,
DEBIT,11/30/2023,"FREDDY'S 76-0001 REXBURG ID                  11/29",-6.35,DEBIT_CARD,14890.47,,
DEBIT,11/30/2023,"STONES TOWN AND COUNTRY REXBURG ID           11/27",-88.13,DEBIT_CARD,14896.82,,
DEBIT,11/29/2023,"McDonalds 5138 120-8356006 ID                11/28",-3.91,DEBIT_CARD,14984.95,,
CREDIT,11/29/2023,"Online Transfer from CHK ...2685 transaction#: 19140583068",150.00,ACCT_XFER,14988.86,,
DEBIT,11/28/2023,"SUPERCUTS 81915 REXBURG ID                   11/28",-22.00,DEBIT_CARD,14838.86,,
DEBIT,11/28/2023,"Wal-Mart Super Center REXBURG ID             11/28",-48.94,DEBIT_CARD,14860.86,,
DEBIT,11/28/2023,"AMZN Mktp US*IX02J9P Amzn.com/bill WA        11/28",-20.65,DEBIT_CARD,14909.80,,
DEBIT,11/28/2023,"BYUI FOOD SVCS REXBURG ID                    11/27",-13.71,DEBIT_CARD,14930.45,,
DEBIT,11/28/2023,"McDonalds 5138 120-8356006 ID                11/27",-2.12,DEBIT_CARD,14944.16,,
DEBIT,11/28/2023,"McDonalds 5138 120-8356006 ID                11/27",-6.67,DEBIT_CARD,14946.28,,
DEBIT,11/27/2023,"VENMO            PAYMENT    1030843797516   WEB ID: 3264681992",-100.00,ACH_DEBIT,14952.95,,
DEBIT,11/27/2023,"STINKER #106 BOISE ID                        11/26",-47.61,DEBIT_CARD,15052.95,,
DEBIT,11/27/2023,"MOD PIZZA BOISE TOWN BOISE ID                11/26",-10.59,DEBIT_CARD,15100.56,,
DEBIT,11/27/2023,"CHEVRON 0208445 BAKER OR                     11/26",-13.52,DEBIT_CARD,15111.15,,
DEBIT,11/27/2023,"SHELL OIL 12669977006 KENNEWICK WA           11/26",-50.40,DEBIT_CARD,15124.67,,
CREDIT,11/27/2023,"PAYPAL           TRANSFER                   PPD ID: PAYPALSD11",4.27,ACH_CREDIT,15175.07,,
CREDIT,11/27/2023,"Online Transfer from CHK ...2685 transaction#: 19123325698",100.00,ACCT_XFER,15170.80,,
CREDIT,11/24/2023,"Online Transfer from  CHK ...2685 transaction#: 19032943646",50.00,ACCT_XFER,15070.80,,
DEBIT,11/22/2023,"SHELL OIL13061982016 ONTARIO OR              11/21",-27.37,DEBIT_CARD,15020.80,,
DEBIT,11/22/2023,"SHELL OIL10004901012 JEROME ID               11/21",-29.34,DEBIT_CARD,15048.17,,
DEBIT,11/22/2023,"PANDA EXPRESS #1993 CHUBBUCK ID              11/21",-12.61,DEBIT_CARD,15077.51,,
DEBIT,11/21/2023,"SHELL SERVICE STATION ONTARIO OR     012080  11/21",-2.79,DEBIT_CARD,15090.12,,
DEBIT,11/21/2023,"GOOD 2 GO 105 REXBURG ID             802780  11/21",-13.98,DEBIT_CARD,15092.91,,
DEBIT,11/21/2023,"GOOD 2 GO 105 REXBURG ID                     11/21",-37.00,DEBIT_CARD,15106.89,,
DEBIT,11/21/2023,"BYUI FOOD SVCS REXBURG ID                    11/20",-9.74,DEBIT_CARD,15143.89,,
DEBIT,11/21/2023,"McDonalds 5138 120-8356006 ID                11/20",-6.24,DEBIT_CARD,15153.63,,
DEBIT,11/20/2023,"SONIC DRIVE IN #6594 REXBURG ID              11/18",-3.17,DEBIT_CARD,15159.87,,
DEBIT,11/20/2023,"SQ *HEBER HATCHETS Rexburg ID                11/19",-18.27,DEBIT_CARD,15163.04,,
DEBIT,11/20/2023,"ALBERTSONS #0171 REXBURG ID          784825  11/18",-3.18,DEBIT_CARD,15181.31,,
DEBIT,11/20/2023,"GRAVITY FACTORY REXBURG ID                   11/17",-27.56,DEBIT_CARD,15184.49,,
DEBIT,11/20/2023,"McDonalds 5138 120-8356006 ID                11/17",-3.49,DEBIT_CARD,15212.05,,
DEBIT,11/17/2023,"JENSEN JEWELERS OF IDA REXBURG ID    948423  11/17",-31.80,DEBIT_CARD,15215.54,,
DEBIT,11/17/2023,"WAL-MART  Wal-Mart Sup REXBURG ID            11/17",-34.12,DEBIT_CARD,15247.34,,
DEBIT,11/17/2023,"DAIRY QUEEN #14952 REXBURG ID                11/16",-6.35,DEBIT_CARD,15281.46,,
DEBIT,11/17/2023,"BYUI FOOD SVCS REXBURG ID                    11/16",-3.58,DEBIT_CARD,15287.81,,
CREDIT,11/17/2023,"Online Transfer from  CHK ...2685 transaction#: 18968826357",50.00,ACCT_XFER,15291.39,,
CREDIT,11/17/2023,"Online Transfer from CHK ...2685 transaction#: 19035285500",300.00,ACCT_XFER,15241.39,,
DEBIT,11/15/2023,"BYUI FOOD SVCS REXBURG ID                    11/14",-5.46,DEBIT_CARD,14941.39,,
DEBIT,11/15/2023,"BYUI FOOD SVCS REXBURG ID                    11/14",-10.80,DEBIT_CARD,14946.85,,
DEBIT,11/14/2023,"VENMO            PAYMENT    1030600457855   WEB ID: 3264681992",-3.00,ACH_DEBIT,14957.65,,
DEBIT,11/13/2023,"Wal-Mart Super Center REXBURG ID             11/11",-29.50,DEBIT_CARD,14960.65,,
DEBIT,11/13/2023,"McDonalds 5138 120-8356006 ID                11/11",-9.57,DEBIT_CARD,14990.15,,
DEBIT,11/13/2023,"McDonalds 5138 120-8356006 ID                11/10",-2.12,DEBIT_CARD,14999.72,,
DEBIT,11/13/2023,"McDonalds 5138 120-8356006 ID                11/10",-3.91,DEBIT_CARD,15001.84,,
DEBIT,11/10/2023,"VENMO            PAYMENT    1030512234546   WEB ID: 3264681992",-4.00,ACH_DEBIT,15005.75,,
DEBIT,11/10/2023,"BYUI FOOD SVCS REXBURG ID                    11/09",-3.58,DEBIT_CARD,15009.75,,
DEBIT,11/10/2023,"McDonalds 36056 120-8356614 ID               11/09",-1.06,DEBIT_CARD,15013.33,,
CREDIT,11/10/2023,"Online Transfer from  CHK ...2685 transaction#: 18904221022",50.00,ACCT_XFER,15014.39,,
DEBIT,11/08/2023,"BYUI FOOD SVCS REXBURG ID                    11/07",-2.32,DEBIT_CARD,14964.39,,
DEBIT,11/07/2023,"Ch JesusChrist   DONATION   116796128       WEB ID: 2870834341",-15.00,ACH_DEBIT,14966.71,,
DEBIT,11/07/2023,"BYUI FOOD SVCS REXBURG ID                    11/06",-9.49,DEBIT_CARD,14981.71,,
DEBIT,11/06/2023,"WAL-MART #1878 REXBURG ID                    11/04",-68.83,DEBIT_CARD,14991.20,,
DEBIT,11/06/2023,"WAL-MART  Wal-Mart Sup REXBURG ID            11/04",-47.19,DEBIT_CARD,15060.03,,
DEBIT,11/06/2023,"RED ROBIN NO 261 IDAHO FALLS ID              11/05",-23.06,DEBIT_CARD,15107.22,,
DEBIT,11/06/2023,"CAB STORE AMMON. ID AMMON ID                 11/04",-105.98,DEBIT_CARD,15130.28,,
DEBIT,11/06/2023,"LITTLE CAESARS 1273 000 REXBURG ID           11/03",-6.88,DEBIT_CARD,15236.26,,
CREDIT,11/06/2023,"Online Transfer from CHK ...2685 transaction#: 18927983164",125.00,ACCT_XFER,15243.14,,
DEBIT,11/03/2023,"VENMO            PAYMENT    1030365890004   WEB ID: 3264681992",-4.00,ACH_DEBIT,15118.14,,
DEBIT,11/03/2023,"BYUI FOOD SVCS REXBURG ID                    11/02",-4.93,DEBIT_CARD,15122.14,,
DEBIT,11/03/2023,"BYUI FOOD SVCS REXBURG ID                    11/02",-5.37,DEBIT_CARD,15127.07,,
CREDIT,11/03/2023,"Online Transfer from  CHK ...2685 transaction#: 18832663719",50.00,ACCT_XFER,15132.44,,
DEBIT,11/02/2023,"MCDONALD'S F36056 REXBURG ID                 11/01",-4.66,DEBIT_CARD,15082.44,,
DEBIT,11/02/2023,"BYUI FOOD SVCS REXBURG ID                    11/01",-11.99,DEBIT_CARD,15087.10,,
DEBIT,11/01/2023,"BYUI FOOD SVCS REXBURG ID                    10/31",-5.70,DEBIT_CARD,15099.09,,
DEBIT,11/01/2023,"BYUI FOOD SVCS REXBURG ID                    10/31",-4.76,DEBIT_CARD,15104.79,,
CREDIT,10/31/2023,"PAYPAL           TRANSFER                   PPD ID: PAYPALSD11",8.66,ACH_CREDIT,15109.55,,
DEBIT,10/30/2023,"VENMO            PAYMENT    1030259809874   WEB ID: 3264681992",-25.00,ACH_DEBIT,15100.89,,
DEBIT,10/30/2023,"MAVERIK CNTRY STRE 195 REXBURG ID            10/28",-5.70,DEBIT_CARD,15125.89,,
DEBIT,10/30/2023,"APPLEBEES REXB50250216 REXBURG ID            10/29",-17.50,DEBIT_CARD,15131.59,,
DEBIT,10/30/2023,"MCGRAW-HILL HIGHER ED 800-338-3987 NY        10/27",-20.00,DEBIT_CARD,15149.09,,
DEBIT,10/27/2023,"WAL-MART #1878 REXBURG ID                    10/27",-75.07,DEBIT_CARD,15169.09,,
DEBIT,10/27/2023,"VENMO            PAYMENT    1030231235370   WEB ID: 3264681992",-2.50,ACH_DEBIT,15244.16,,
DEBIT,10/27/2023,"BYUI FOOD SVCS REXBURG ID                    10/26",-3.58,DEBIT_CARD,15246.66,,
CREDIT,10/27/2023,"Online Transfer from  CHK ...2685 transaction#: 18772084949",50.00,ACCT_XFER,15250.24,,
DEBIT,10/25/2023,"BYUI FOOD SVCS REXBURG ID                    10/24",-2.32,DEBIT_CARD,15200.24,,
DEBIT,10/25/2023,"BYUI FOOD SVCS REXBURG ID                    10/24",-3.58,DEBIT_CARD,15202.56,,
DEBIT,10/25/2023,"McDonalds 5138 120-8356006 ID                10/24",-2.12,DEBIT_CARD,15206.14,,
DEBIT,10/24/2023,"Ch JesusChrist   DONATION   115997271       WEB ID: 2870834341",-12.50,ACH_DEBIT,15208.26,,
DEBIT,10/24/2023,"BYUI FOOD SVCS REXBURG ID                    10/23",-9.49,DEBIT_CARD,15220.76,,
DEBIT,10/23/2023,"LITTLE CAESARS 1273 000 REXBURG ID           10/21",-6.88,DEBIT_CARD,15230.25,,
DEBIT,10/23/2023,"SQ *THE HAUNTED RIVER Menan ID               10/20",-41.00,DEBIT_CARD,15237.13,,
DEBIT,10/20/2023,"SUPERCUTS 81293 REXBURG ID                   10/20",-25.00,DEBIT_CARD,15278.13,,
DEBIT,10/20/2023,"Wal-Mart Super Center REXBURG ID             10/20",-67.83,DEBIT_CARD,15303.13,,
DEBIT,10/20/2023,"Deseret Book - 51770 Rexburg ID              10/20",-10.07,DEBIT_CARD,15370.96,,
DEBIT,10/20/2023,"BYUI FOOD SVCS REXBURG ID                    10/19",-6.56,DEBIT_CARD,15381.03,,
CREDIT,10/20/2023,"Online Transfer from  CHK ...2685 transaction#: 18708796315",50.00,ACCT_XFER,15387.59,,
DEBIT,10/18/2023,"VENMO            PAYMENT    1030044780093   WEB ID: 3264681992",-3.00,ACH_DEBIT,15337.59,,
DEBIT,10/17/2023,"Ch JesusChrist   DONATION   115646478       WEB ID: 2870834341",-3.00,ACH_DEBIT,15340.59,,
DEBIT,10/16/2023,"PAYPAL           INST XFER  ADOBE INC       WEB ID: PAYPALSI77",-19.99,ACH_DEBIT,15343.59,,
DEBIT,10/16/2023,"BWW IDAHO FALLS 590 678-514-4100 ID          10/14",-27.83,DEBIT_CARD,15363.58,,
DEBIT,10/16/2023,"SQ *THE HAUNTED MILL IN Teton ID             10/14",-31.00,DEBIT_CARD,15391.41,,
DEBIT,10/16/2023,"SQ *SHAUNA W Teton ID                        10/14",-3.50,DEBIT_CARD,15422.41,,
DEBIT,10/16/2023,"BYUI FOOD SVCS REXBURG ID                    10/13",-2.32,DEBIT_CARD,15425.91,,
DEBIT,10/16/2023,"BYUI FOOD SVCS REXBURG ID                    10/13",-3.15,DEBIT_CARD,15428.23,,
DEBIT,10/13/2023,"WAL-MART  Wal-Mart Sup REXBURG ID            10/13",-44.40,DEBIT_CARD,15431.38,,
DEBIT,10/13/2023,"WAL-MART #1878 REXBURG ID                    10/13",-61.67,DEBIT_CARD,15475.78,,
CREDIT,10/13/2023,"Online Transfer from  CHK ...2685 transaction#: 18647218791",50.00,ACCT_XFER,15537.45,,
DEBIT,10/12/2023,"PAYPAL           INST XFER  REGALCINEMA     WEB ID: PAYPALSI77",-22.99,ACH_DEBIT,15487.45,,
DEBIT,10/12/2023,"BYUI FOOD SVCS REXBURG ID                    10/11",-2.32,DEBIT_CARD,15510.44,,
DEBIT,10/11/2023,"Ch JesusChrist   DONATION   115470396       WEB ID: 2870834341",-20.00,ACH_DEBIT,15512.76,,
DEBIT,10/11/2023,"BYUI FOOD SVCS REXBURG ID                    10/10",-5.29,DEBIT_CARD,15532.76,,
DEBIT,10/10/2023,"BYUI FOOD SVCS REXBURG ID                    10/09",-2.32,DEBIT_CARD,15538.05,,
DEBIT,10/10/2023,"TST* Red Rabbit Grill Rexburg ID             10/07",-35.37,DEBIT_CARD,15540.37,,
DEBIT,10/10/2023,"McDonalds 5138 120-8356006 ID                10/07",-9.53,DEBIT_CARD,15575.74,,
DEBIT,10/10/2023,"BYUI TICKET OFFICE 208-496-3170 ID           10/06",-60.00,DEBIT_CARD,15585.27,,
DEBIT,10/06/2023,"WAL-MART #1878 REXBURG ID                    10/06",-37.90,DEBIT_CARD,15645.27,,
DEBIT,10/06/2023,"BYUI CASHNET WEB 208-496-1900 ID             10/05",-35.00,DEBIT_CARD,15683.17,,
DEBIT,10/06/2023,"BYUI FOOD SVCS REXBURG ID                    10/05",-3.18,DEBIT_CARD,15718.17,,
DEBIT,10/06/2023,"BYUI FOOD SVCS REXBURG ID                    10/05",-5.37,DEBIT_CARD,15721.35,,
CREDIT,10/06/2023,"Online Transfer from  CHK ...2685 transaction#: 18575226664",50.00,ACCT_XFER,15726.72,,
DEBIT,10/05/2023,"PAYPAL           INST XFER  MCDONALDS 5138  WEB ID: PAYPALSI77",-1.06,ACH_DEBIT,15676.72,,
DEBIT,10/05/2023,"BYUI FOOD SVCS REXBURG ID                    10/04",-2.32,DEBIT_CARD,15677.78,,
DEBIT,10/02/2023,"WAL-MART  Wal-Mart Sup REXBURG ID            10/02",-16.44,DEBIT_CARD,15680.10,,
DEBIT,10/02/2023,"CASHNET SMARTPAY BYUI       763809633       WEB ID: 9061578063",-5.00,ACH_DEBIT,15696.54,,
DEBIT,10/02/2023,"VENMO            PAYMENT    1029700723261   WEB ID: 3264681992",-25.00,ACH_DEBIT,15701.54,,
DEBIT,10/02/2023,"BYUI FOOD SVCS REXBURG ID                    09/29",-2.32,DEBIT_CARD,15726.54,,
DEBIT,10/02/2023,"BYUI FOOD SVCS REXBURG ID                    09/29",-2.10,DEBIT_CARD,15728.86,,
DEBIT,09/29/2023,"WAL-MART  Wal-Mart Sup REXBURG ID            09/29",-49.59,DEBIT_CARD,15730.96,,
CREDIT,09/29/2023,"Online Transfer from  CHK ...2685 transaction#: 18512009127",40.00,ACCT_XFER,15780.55,,
DEBIT,09/28/2023,"JACK IN THE BOX 6030 REXBURG ID              09/27",-6.66,DEBIT_CARD,15740.55,,
DEBIT,09/28/2023,"BYUI FOOD SVCS REXBURG ID                    09/27",-10.72,DEBIT_CARD,15747.21,,
DEBIT,09/27/2023,"Ch JesusChrist   DONATION   114700633       WEB ID: 2870834341",-10.00,ACH_DEBIT,15757.93,,
DEBIT,09/26/2023,"Ch JesusChrist   DONATION   114666586       WEB ID: 2870834341",-10.00,ACH_DEBIT,15767.93,,
DEBIT,09/26/2023,"BYUI FOOD SVCS REXBURG ID                    09/25",-9.97,DEBIT_CARD,15777.93,,
DEBIT,09/26/2023,"WAL-MART #1878 REXBURG ID                    09/22",-49.59,DEBIT_CARD,15787.90,,
DEBIT,09/25/2023,"VENMO            PAYMENT    1029556848348   WEB ID: 3264681992",-11.00,ACH_DEBIT,15837.49,,
DEBIT,09/25/2023,"WAL-MART #1878 REXBURG ID                    09/23",-56.29,DEBIT_CARD,15848.49,,
DEBIT,09/25/2023,"POND'S LODGE RESTAURAN ISLAND PARK ID        09/23",-20.02,DEBIT_CARD,15904.78,,
DEBIT,09/25/2023,"HENRYS LAKE STA ISLAND PARK ID               09/23",-3.81,DEBIT_CARD,15924.80,,
DEBIT,09/25/2023,"GOOD 2 GO 105 REXBURG ID             765013  09/22",-10.05,DEBIT_CARD,15928.61,,
DEBIT,09/22/2023,"BYUI FOOD SVCS REXBURG ID                    09/21",-6.56,DEBIT_CARD,15938.66,,
CREDIT,09/22/2023,"Online Transfer from  CHK ...2685 transaction#: 18450173440",40.00,ACCT_XFER,15945.22,,
DEBIT,09/21/2023,"PARAMOUNT 5 REXBURG ID                       09/20",-7.00,DEBIT_CARD,15905.22,,
DEBIT,09/21/2023,"COLD STONE CREAMERY #2 208-3592244 ID        09/20",-6.88,DEBIT_CARD,15912.22,,
DEBIT,09/21/2023,"BYUI FOOD SVCS REXBURG ID                    09/20",-9.49,DEBIT_CARD,15919.10,,
DEBIT,09/19/2023,"VENMO            PAYMENT    1029484351079   WEB ID: 3264681992",-10.00,ACH_DEBIT,15928.59,,
DEBIT,09/19/2023,"CASHNET SMARTPAY BYUI       763809633       WEB ID: 9061578063",-1888.15,ACH_DEBIT,15938.59,,
DEBIT,09/18/2023,"WAL-MART  Wal-Mart Sup REXBURG ID            09/16",-55.92,DEBIT_CARD,17826.74,,
DEBIT,09/18/2023,"SONIC DRIVE IN #6594 REXBURG ID              09/15",-3.59,DEBIT_CARD,17882.66,,
DEBIT,09/15/2023,"BYUI FOOD SVCS REXBURG ID                    09/14",-8.79,DEBIT_CARD,17886.25,,
CREDIT,09/15/2023,"Online Transfer from  CHK ...2685 transaction#: 18388185036",25.00,ACCT_XFER,17895.04,,
CREDIT,09/15/2023,"Online Transfer from SAV ...9019 transaction#: 18454813065",1746.00,ACCT_XFER,17870.04,,
DEBIT,09/14/2023,"WAL-MART  Wal-Mart Sup REXBURG ID            09/14",-3.86,DEBIT_CARD,16124.04,,
DEBIT,09/14/2023,"WAL-MART #1878 REXBURG ID                    09/14",-53.36,DEBIT_CARD,16127.90,,
DEBIT,09/14/2023,"TST* SODAVINE - REXBURG REXBURG ID           09/14",-7.18,DEBIT_CARD,16181.26,,
DEBIT,09/13/2023,"BYUI UNIVERSITY STORE REXBURG ID             09/12",-48.71,DEBIT_CARD,16188.44,,
DEBIT,09/12/2023,"VENMO            PAYMENT    1029348182496   WEB ID: 3264681992",-10.00,ACH_DEBIT,16237.15,,
DEBIT,09/11/2023,"WAL-MART #1878 REXBURG ID                    09/11",-6.17,DEBIT_CARD,16247.15,,
DEBIT,09/11/2023,"BIG 5 SPORTING 386 REXBURG ID                09/11",-26.49,DEBIT_CARD,16253.32,,
DEBIT,09/11/2023,"VENMO            PAYMENT    1029321904449   WEB ID: 3264681992",-4.75,ACH_DEBIT,16279.81,,
DEBIT,09/11/2023,"SUPERCUTS 81293 REXBURG ID                   09/09",-30.00,DEBIT_CARD,16284.56,,
DEBIT,09/11/2023,"BYUI UNIVERSITY STORE REXBURG ID             09/09",-24.38,DEBIT_CARD,16314.56,,
DEBIT,09/11/2023,"SQ *BLISTERS BBQ Rexburg ID                  09/08",-14.29,DEBIT_CARD,16338.94,,
DEBIT,09/08/2023,"WM SUPERC Wal-Mart Sup IDAHO FALLS ID        09/08",-122.55,DEBIT_CARD,16353.23,,
DEBIT,09/08/2023,"WAL-MART #5494 IDAHO FALLS ID                09/08",-22.63,DEBIT_CARD,16475.78,,
DEBIT,09/08/2023,"Chevron Gas Station WOODS CROSS UT   207452  09/08",-4.11,DEBIT_CARD,16498.41,,
DEBIT,09/08/2023,"SHELL SERVICE STATION OREM UT        224066  09/08",-55.18,DEBIT_CARD,16502.52,,
DEBIT,09/08/2023,"76 - VIRGIN VALLEY FOO MESQUITE NV           09/07",-60.26,DEBIT_CARD,16557.70,,
DEBIT,09/08/2023,"POPEYES 5719 LAS VEGAS NV                    09/07",-8.65,DEBIT_CARD,16617.96,,
CREDIT,09/08/2023,"Online Transfer from  CHK ...2685 transaction#: 18323310222",25.00,ACCT_XFER,16626.61,,
CREDIT,09/08/2023,"Online Transfer from CHK ...2685 transaction#: 18390512672",175.00,ACCT_XFER,16601.61,,
DEBIT,09/07/2023,"RADC ENTERPRISE ONTARIO CA                   09/07",-24.42,DEBIT_CARD,16426.61,,
DEBIT,09/06/2023,"CITY OF NEWPORT BEAC NEWPORT BEACH CA        09/05",-17.00,DEBIT_CARD,16451.03,,
DEBIT,09/06/2023,"TARGET        00019612 MIRA LOMA CA          09/05",-2.14,DEBIT_CARD,16468.03,,
DEBIT,09/05/2023,"ARCO #42290 AMPM ONTARIO CA                  09/05",-71.37,DEBIT_CARD,16470.17,,
DEBIT,09/05/2023,"FAMOUS FOOTWEAR #2603 MIRA LOMA CA           09/05",-21.54,DEBIT_CARD,16541.54,,
DEBIT,09/05/2023,"DICKS SPORTING GOODS EAST VALE CA    497443  09/05",-48.47,DEBIT_CARD,16563.08,,
DEBIT,09/05/2023,"TARGET T- 12471 Limoni Mira Loma CA          09/05",-29.38,DEBIT_CARD,16611.55,,
DEBIT,09/05/2023,"VENMO            PAYMENT    1029172683918   WEB ID: 3264681992",-23.00,ACH_DEBIT,16640.93,,
CREDIT,09/05/2023,"Online Transfer from SAV ...9019 transaction#: 18360439490",500.00,ACCT_XFER,16663.93,,
CREDIT,09/01/2023,"Online Transfer from  CHK ...2685 transaction#: 18257722606",25.00,ACCT_XFER,16163.93,,
DEBIT,08/31/2023,"CANTEEN VENDING GRAPEVINE TX                 08/30",-3.25,DEBIT_CARD,16138.93,,
DEBIT,08/31/2023,"IN N OUT BURGER 063 TUSTIN CA                08/30",-10.99,DEBIT_CARD,16142.18,,
CREDIT,08/30/2023,"Coinbase.com     5SVLDD2B                   PPD ID: 1455293997",241.66,ACH_CREDIT,16153.17,,
DEBIT,08/29/2023,"7-ELEVEN Ontario CA                          08/29",-8.46,DEBIT_CARD,15911.51,,
DEBIT,08/29/2023,"AMZN Mktp US*T359G96 Amzn.com/bill WA        08/29",-23.84,DEBIT_CARD,15919.97,,
DEBIT,08/29/2023,"AMZN Mktp US*T389T22 Amzn.com/bill WA        08/29",-22.83,DEBIT_CARD,15943.81,,
DEBIT,08/29/2023,"RAISING CANES 0330 ONTARIO CA                08/28",-11.11,DEBIT_CARD,15966.64,,
DEBIT,08/28/2023,"WAL-MART #3796 ONTARIO CA                    08/28",-58.58,DEBIT_CARD,15977.75,,
DEBIT,08/28/2023,"ATM WITHDRAWAL                       008895  08/281070 N MO",-20.00,ATM,16036.33,,
DEBIT,08/28/2023,"MCDONALD'S F17646 ONTARIO CA                 08/26",-3.90,DEBIT_CARD,16056.33,,
DEBIT,08/28/2023,"Dicks Sporting Goods Eastvale CA             08/26",-35.55,DEBIT_CARD,16060.23,,
DEBIT,08/28/2023,"BEST BUY CO   00024745 SAN MARCOS TX         08/25",-1717.16,DEBIT_CARD,16095.78,,
CREDIT,08/28/2023,"Online Transfer from CHK ...2685 transaction#: 18286848446",60.00,ACCT_XFER,17812.94,,
CREDIT,08/25/2023,"Online Transfer from  CHK ...2685 transaction#: 18198771932",25.00,ACCT_XFER,17752.94,,
CREDIT,08/18/2023,"Online Transfer from  CHK ...2685 transaction#: 18136428188",25.00,ACCT_XFER,17727.94,,
CREDIT,08/11/2023,"Online Transfer from  CHK ...2685 transaction#: 18075144565",25.00,ACCT_XFER,17702.94,,
DEBIT,08/09/2023,"WINGERS OF PRICE MOUNTAIN HOME UT            08/08",-29.21,DEBIT_CARD,17677.94,,
CREDIT,08/04/2023,"Online Transfer from  CHK ...2685 transaction#: 18005118987",25.00,ACCT_XFER,17707.15,,
CREDIT,07/28/2023,"Online Transfer from  CHK ...2685 transaction#: 17945257212",25.00,ACCT_XFER,17682.15,,
DEBIT,07/27/2023,"CHUGG PRICE UT                               07/26",-1.75,DEBIT_CARD,17657.15,,
DEBIT,07/26/2023,"BIG DONS PIZZA OF PRICE PRICE UT             07/25",-40.26,DEBIT_CARD,17658.90,,
DEBIT,07/24/2023,"MAVERIK #710 HELPER UT                       07/22",-5.85,DEBIT_CARD,17699.16,,
CREDIT,07/21/2023,"Online Transfer from  CHK ...2685 transaction#: 17884313984",25.00,ACCT_XFER,17705.01,,
CREDIT,07/14/2023,"Online Transfer from  CHK ...2685 transaction#: 17824017104",25.00,ACCT_XFER,17680.01,,
CREDIT,07/07/2023,"Online Transfer from  CHK ...2685 transaction#: 17758121927",25.00,ACCT_XFER,17655.01,,
DEBIT,07/05/2023,"Deseret Book - 51830 Spanish Fork UT         07/04",-18.50,DEBIT_CARD,17630.01,,
CREDIT,06/30/2023,"Online Transfer from  CHK ...2685 transaction#: 17697044947",25.00,ACCT_XFER,17648.51,,
CREDIT,06/23/2023,"Online Transfer from  CHK ...2685 transaction#: 17639205046",25.00,ACCT_XFER,17623.51,,
CREDIT,06/16/2023,"Online Transfer from  CHK ...2685 transaction#: 17577763841",25.00,ACCT_XFER,17598.51,,
DEBIT,06/13/2023,"TACO BELL 027887 PAYSON UT                   06/12",-8.43,DEBIT_CARD,17573.51,,
DEBIT,06/12/2023,"WAL-MART #5167 PAYSON UT                     06/12",-8.53,DEBIT_CARD,17581.94,,
DEBIT,06/12/2023,"WAL-MART #5167 PAYSON UT                     06/12",-9.36,DEBIT_CARD,17590.47,,
CREDIT,06/09/2023,"Online Transfer from  CHK ...2685 transaction#: 17515071077",25.00,ACCT_XFER,17599.83,,
DEBIT,06/08/2023,"EL DORADO RESTAURANT NEPHI UT                06/06",-5.78,DEBIT_CARD,17574.83,,
CREDIT,06/02/2023,"Online Transfer from  CHK ...2685 transaction#: 17450920111",25.00,ACCT_XFER,17580.61,,
DEBIT,05/30/2023,"WM SUPERC Wal-Mart Sup PAYSON UT             05/29",-23.16,DEBIT_CARD,17555.61,,
CREDIT,05/26/2023,"Online Transfer from  CHK ...2685 transaction#: 17393643952",25.00,ACCT_XFER,17578.77,,
CREDIT,05/19/2023,"Online Transfer from  CHK ...2685 transaction#: 17332255659",25.00,ACCT_XFER,17553.77,,
CREDIT,05/12/2023,"Online Transfer from  CHK ...2685 transaction#: 17272987301",25.00,ACCT_XFER,17528.77,,
CREDIT,05/05/2023,"Online Transfer from  CHK ...2685 transaction#: 17203847418",25.00,ACCT_XFER,17503.77,,
DEBIT,04/28/2023,"LITTLE CAESARS 3460-000 SANTAQUIN UT         04/27",-7.57,DEBIT_CARD,17478.77,,
CREDIT,04/28/2023,"Online Transfer from  CHK ...2685 transaction#: 17145489398",25.00,ACCT_XFER,17486.34,,
DEBIT,04/27/2023,"RAISING CANES 0593 PROVO UT                  04/26",-35.65,DEBIT_CARD,17461.34,,
DEBIT,04/24/2023,"WM SUPERC Wal-Mart Sup PAYSON UT             04/24",-24.68,DEBIT_CARD,17496.99,,
CREDIT,04/21/2023,"Online Transfer from  CHK ...2685 transaction#: 17085581509",25.00,ACCT_XFER,17521.67,,
DEBIT,04/17/2023,"WM SUPERC Wal-Mart Sup PAYSON UT             04/17",-28.70,DEBIT_CARD,17496.67,,
DEBIT,04/14/2023,"Ryder's Quick S GOSHEN UT                    04/14",-13.19,DEBIT_CARD,17525.37,,
CREDIT,04/14/2023,"Online Transfer from  CHK ...2685 transaction#: 17028138949",25.00,ACCT_XFER,17538.56,,
DEBIT,04/11/2023,"GAS HOLE EUREKA UT                           04/11",-0.86,DEBIT_CARD,17513.56,,
DEBIT,04/11/2023,"LITTLE CAESARS 3460-000 SANTAQUIN UT         04/10",-7.57,DEBIT_CARD,17514.42,,
DEBIT,04/11/2023,"RAISING CANES 0593 PROVO UT                  04/10",-12.24,DEBIT_CARD,17521.99,,
DEBIT,04/07/2023,"PANDA EXPRESS 2671 HEBER CITY UT             04/06",-10.67,DEBIT_CARD,17534.23,,
CREDIT,04/07/2023,"Online Transfer from  CHK ...2685 transaction#: 16961933189",25.00,ACCT_XFER,17544.90,,
CREDIT,03/31/2023,"Online Transfer from  CHK ...2685 transaction#: 16904388117",25.00,ACCT_XFER,17519.90,,
CREDIT,03/24/2023,"Online Transfer from  CHK ...2685 transaction#: 16848315325",25.00,ACCT_XFER,17494.90,,
DEBIT,03/20/2023,"TST* BILLY BLANCO'S PARK CITY UT             03/18",-20.23,DEBIT_CARD,17469.90,,
CREDIT,03/17/2023,"Online Transfer from  CHK ...2685 transaction#: 16788941378",25.00,ACCT_XFER,17490.13,,
DEBIT,03/16/2023,"FIVE GUYS UT 1637 QSR PARK CITY UT           03/15",-6.50,DEBIT_CARD,17465.13,,
DEBIT,03/16/2023,"FIVE GUYS UT 1637 QSR PARK CITY UT           03/15",-11.05,DEBIT_CARD,17471.63,,
DEBIT,03/10/2023,"SQ *TACOS EL GUERO Kamas UT                  03/09",-7.00,DEBIT_CARD,17482.68,,
CREDIT,03/10/2023,"Online Transfer from  CHK ...2685 transaction#: 16728719312",25.00,ACCT_XFER,17489.68,,
DEBIT,03/06/2023,"Subway 45389 Kamas UT                        03/05",-4.20,DEBIT_CARD,17464.68,,
DEBIT,03/03/2023,"PANDA EXPRESS 2671 HEBER CITY UT             03/02",-10.66,DEBIT_CARD,17468.88,,
CREDIT,03/03/2023,"Online Transfer from  CHK ...2685 transaction#: 16659783824",25.00,ACCT_XFER,17479.54,,
DEBIT,02/24/2023,"ASIAN BISTRO HEBER CITY UT                   02/23",-17.89,DEBIT_CARD,17454.54,,
CREDIT,02/24/2023,"Online Transfer from  CHK ...2685 transaction#: 16603858601",25.00,ACCT_XFER,17472.43,,
DEBIT,02/21/2023,"RESORT RETAILER KAMAS UT                     02/21",-5.54,DEBIT_CARD,17447.43,,
DEBIT,02/17/2023,"PANDA EXPRESS 2671 HEBER CITY UT             02/16",-21.31,DEBIT_CARD,17452.97,,
CREDIT,02/17/2023,"Online Transfer from  CHK ...2685 transaction#: 16533924142",25.00,ACCT_XFER,17474.28,,
DEBIT,02/14/2023,"SQ *BOLT RANCH STORE Kamas UT                02/13",-50.15,DEBIT_CARD,17449.28,,
CREDIT,02/13/2023,"Online Transfer from SAV ...5942 transaction#: 16565070899",25.00,ACCT_XFER,17499.43,,
CREDIT,02/10/2023,"Online Transfer from  CHK ...2685 transaction#: 16452280752",25.00,ACCT_XFER,17474.43,,
DEBIT,02/07/2023,"MCDONALD'S F7971 PARK CITY UT                02/06",-8.95,DEBIT_CARD,17449.43,,
CREDIT,02/03/2023,"Online Transfer from  CHK ...2685 transaction#: 16388142025",25.00,ACCT_XFER,17458.38,,
DEBIT,01/31/2023,"KAMAS FOODTOWN KAMAS UT                      01/30",-8.14,DEBIT_CARD,17433.38,,
DEBIT,01/30/2023,"Wal-Mart Super Center PARK CITY UT           01/30",-16.57,DEBIT_CARD,17441.52,,
CREDIT,01/27/2023,"Online Transfer from  CHK ...2685 transaction#: 16335536535",25.00,ACCT_XFER,17458.09,,
CREDIT,01/20/2023,"Online Transfer from  CHK ...2685 transaction#: 16281747473",25.00,ACCT_XFER,17433.09,,
CREDIT,01/13/2023,"Online Transfer from  CHK ...2685 transaction#: 16221219530",25.00,ACCT_XFER,17408.09,,
CREDIT,01/06/2023,"Online Transfer from  CHK ...2685 transaction#: 16160609787",25.00,ACCT_XFER,17383.09,,
DEBIT,01/05/2023,"RESORT RETAILER KAMAS UT                     01/05",-4.49,DEBIT_CARD,17358.09,,
CREDIT,12/30/2022,"Online Transfer from  CHK ...2685 transaction#: 16108796972",25.00,ACCT_XFER,17362.58,,
CREDIT,12/23/2022,"Online Transfer from  CHK ...2685 transaction#: 16051386493",25.00,ACCT_XFER,17337.58,,
CREDIT,12/22/2022,"Online Transfer from CHK ...2685 transaction#: 16102103629",1000.00,ACCT_XFER,17312.58,,
DEBIT,12/20/2022,"MOD PIZZA PARK CITY PARK CITY UT             12/19",-10.55,DEBIT_CARD,16312.58,,
DEBIT,12/16/2022,"PANDA EXPRESS 2671 HEBER CITY UT             12/15",-9.20,DEBIT_CARD,16323.13,,
CREDIT,12/16/2022,"Online Transfer from  CHK ...2685 transaction#: 15994168541",25.00,ACCT_XFER,16332.33,,
DEBIT,12/13/2022,"SQ *BOLT RANCH STORE Kamas UT                12/12",-55.33,DEBIT_CARD,16307.33,,
DEBIT,12/09/2022,"CAFE RIO 0068 HEBER CIT HEBER CITY UT        12/09",-14.08,DEBIT_CARD,16362.66,,
CREDIT,12/09/2022,"Online Transfer from  CHK ...2685 transaction#: 15934445683",25.00,ACCT_XFER,16376.74,,
DEBIT,12/06/2022,"PANDA EXPRESS 2671 HEBER CITY UT             12/05",-11.84,DEBIT_CARD,16351.74,,
CREDIT,12/02/2022,"Online Transfer from  CHK ...2685 transaction#: 15873997305",25.00,ACCT_XFER,16363.58,,
DEBIT,11/28/2022,"Fiiz Drinks Spanish F Spanish Fork UT        11/27",-1.08,DEBIT_CARD,16338.58,,
DEBIT,11/28/2022,"CHIPOTLE 4049 SPANISH FORK UT                11/25",-11.47,DEBIT_CARD,16339.66,,
DEBIT,11/25/2022,"Fiiz Drinks Spanish F Spanish Fork UT        11/24",-5.14,DEBIT_CARD,16351.13,,
CREDIT,11/25/2022,"Online Transfer from  CHK ...2685 transaction#: 15822113732",25.00,ACCT_XFER,16356.27,,
DEBIT,11/21/2022,"1011 SUPER CHIX CHICK SPANISH FORK UT        11/17",-14.59,DEBIT_CARD,16331.27,,
CREDIT,11/18/2022,"Online Transfer from  CHK ...2685 transaction#: 15758256689",25.00,ACCT_XFER,16345.86,,
DEBIT,11/16/2022,"IN N OUT BURGER 358 SPANISH FORK UT          11/14",-9.31,DEBIT_CARD,16320.86,,
DEBIT,11/15/2022,"Fiiz Drinks Spanish F Spanish Fork UT        11/15",-6.48,DEBIT_CARD,16330.17,,
CREDIT,11/10/2022,"Online Transfer from  CHK ...2685 transaction#: 15710574661",25.00,ACCT_XFER,16336.65,,
DEBIT,11/07/2022,"IN N OUT BURGER 358 SPANISH FORK UT          11/05",-30.20,DEBIT_CARD,16311.65,,
CREDIT,11/04/2022,"Online Transfer from  CHK ...2685 transaction#: 15646392021",25.00,ACCT_XFER,16341.85,,
CREDIT,10/28/2022,"Online Transfer from  CHK ...2685 transaction#: 15593526075",25.00,ACCT_XFER,16316.85,,
DEBIT,10/26/2022,"WM SUPERC Wal-Mart Su SPANISH FORK UT        10/26",-12.84,DEBIT_CARD,16291.85,,
DEBIT,10/24/2022,"RAISING CANE'S 593 PROVO UT                  10/22",-25.95,DEBIT_CARD,16304.69,,
CREDIT,10/21/2022,"Online Transfer from  CHK ...2685 transaction#: 15538132487",25.00,ACCT_XFER,16330.64,,
DEBIT,10/17/2022,"Fiiz Drinks Salem Salem UT                   10/15",-1.08,DEBIT_CARD,16305.64,,
DEBIT,10/17/2022,"TERIYAKI MADNESS - SP SPANISH FORK UT        10/14",-11.90,DEBIT_CARD,16306.72,,
CREDIT,10/14/2022,"Online Transfer from  CHK ...2685 transaction#: 15484458412",25.00,ACCT_XFER,16318.62,,
